3078 4912
432 1079 1025 1248 Pmnnnnnlo.

580 1377 847 1386 ..--.—·—-—.—.-.....

160 1541 217 1665 ln
243 1589 457 1666 adornanda
480 1591 550 1666 hae
576 1591 739 1667 editione
752 1593 795 1666 P.
811 1590 939 1667 Ovidii
951 1557 1117 1668 Nasonis
1130 1595 1305 1672 Tristium

157 1712 384 1808 propositum
402 1708 499 1782 mihi
531 1709 621 1802 fuit,
656 1707 858 1806 pleniorem
893 1717 1001 1810 atque
1027 1716 1318 1805 accuratiorem‚'

157 1857 263 1930 quam
289 1855 382 1930 quae
406 1832 526 1908 adhue
549 1833 727 1929 vulgatae
741 1839 941 1926 exstarent,
968 1834 1096 1913 horum
1110 1840 1304 1912 carminum

157 1955 354 2030 editionem
382 1958 583 2050 eonfiee‘r03
618 1979 711 2053 quae
736 1963 892 2049 textum,
928 1981 1032 2055 quem
1057 1967 1213 2052 vocant,
1243 1959 1302 2032 di-

154 2080 320 2177 ligenter
338 2075 577 2178 recognitum,
605 2079 806 2172 variantes,
834 2074 990 2178 quaein
1014 2091 1160 2184 promtu
1186 2091 1301 2175 erant,

154 2207 355 2304 reripturas
383 2202 550 2289 eodieum
576 2207 918 2304 manuscriptorum
939 2214 977 2279 et
996 2207 1194 2283 editionum
1215 2230 1301 2282 sae-

154 2327 231 2402 culi
252 2327 352 2419 XV„
372 2305 839 2424 itemque‘eommentari0S‚
867 2333 1083 2426 omninoque
1097 2354 1222 2404 omnes
1236 2353 1303 2405 oo·

153 2454 236 2550 pias
263 2454 515 2546 grammaticas
529 2441 577 2523 ad
602 2449 697 2522 haee
721 2451 820 2522 vatis
843 2441 990 2547 Peligni
1018 2454 1188 2526 carmina·
1201 2461 1303 2528 recte

153 2553 402 2669 intelligenda
428 2589 466 2646 et
490 2571 538 2646 'ad
563 2575 789 2672 scripturam,
819 2596 912 2671 quae
937 2595 1028 2648 vera
1051 2576 1301 2652 essevidere-

114 2723 117 2730 ·
150 2703 227 2787 tur,
253 2696 423 2772 tuendam
449 2706 558 2798 atque
584 2687 862 2772 confirmandam
897 2692 1051 2773 idoneas
1087 2706 1302 2776 contineret.

202 2818 303 2892 lam
330 2820 429 2918 quod
454 2821 503 2914 ad
529 2829 668 2897 textum
686 2821 813 2896 horum
826 2825 1020 2909 carminum
1045 2827 1186 2916 attinet,
1211 2848 1300 2925 per-

149 2943 276 3018 multis
300 2944 379 3037 ille,
407 2972 513 3044 quum
545 2933 640 3046 opus
665 2953 750 3019 ante
773 2945 843 3020 hos
868 2945 967 3020 VIII
990 2957 1106 3022 annos
1131 2952 1301 3029 institue-

147 3073 239 3158 rem,
268 3066 491 3144 deformatus
520 3070 642 3145 adhue
677 3075 757 3144 erat
780 3073 902 3160 vitiu,
936 3077 1009 3143 tum
1045 3075 1143 3172 aevi,
1156 3073 1300 3163 iniuria,

146 3199 224 3266 tum
248 3171 478 3266 librariorum
504 3194 733 3290 negligentia
758 3201 796 3268 et
821 3197 1132 3292 grammaticorum
1151 3198 1300 3298 imperi-

145 3319 200 3390 tia
226 3317 353 3389 autin
378 3300 549 3392 mutanda
579 3320 761 3417 scriptura
792 3318 944 3396 licentia
979 3325 1195 3414 contractis3
1231 3327 1299 3395 inr-

143 3443 277 3540 primis
302 3449 421 3515 autem
445 3444 586 3538 ingenti
606 3441 727 3516 adhue
748 3441 940 3518 laborabat
950 3445 1190 3520 multitudine
1215 3445 1298 3546 pla-

143 3588 289 3662 garum,
316 3591 405 3663 quas
432 3569 464 3639 ei
491 3566 677 3640 inflixerat
707 3567 835 3640 critica
862 3568 1144 3672 clarissimorum
1170 3569 1297 3642 Naso-

140 3693 200 3764 nis
216 3687 412 3781 editorum,
440 3689 593 3765 Nioolai
606 3691 803 3788 Heinsiiuet
815 3692 918 3774 Petri
931 3693 1138 3768 Burmanni.
1180 3693 1297 3766 Nam-

141 3836 215 3911 que
253 3813 314 3886 illi
347 3817 420 3889 viri
452 3815 542 3889 lieet
569 3813 627 3888 de
655 3813 881 3922 emendanda
913 3821 1100 3917 scriptura
1135 3816 1298 3915 permul-

138 3944 264 4012 torum
293 3937 456 4014 Nasonis
479 3939 656 4031 looorum‚
684 3938 803 4040 deque
828 3941 1195 4041 interpretatione-et
1220 3955 1299 4007 om·
1340 4032 1343 4042 μ
1388 3923 1391 3931 ’
1446 4023 1448 4034 Ι

136 4064 237 4138 nino.
260 4060 311 4136 de
337 4066 471 4139 acriori
496 4064 603 4139 huius
634 4072 768 4163 poetae
798 4063 921 4159 studio
948 4059 1063 4132 valde
1087 4057 1299 4146 meruerint,

136 4175 468 4284 commentariique
504 4177 645 4279 eorum,
682 4193 783 4262 certe
808 4184 858 4288 N.
884 4182 1048 4272 Heinsii,
1084 4183 1302 4280 plerumque
1357 4243 1371 4270 Δ,

178 4300 183 4306 “
1052 4291 1145 4336 ΠΨ
1228 4325 1230 4334 ,
