3078 4912
209 379 267 429 xn
429 353 436 372 ’
628 332 943 432 PRAEFATIO.
958 367 968 418 .'

210 537 329 626 densi,
356 534 588 627 Buslidiano,
613 535 819 632 fragmento
845 535 969 626 Revii,
998 531 1196 623 Serviano,
1223 535 1361 632 Regio,

207 660 415 750 Moretano,
442 639 721 750 Barberiniano,
753 659 906 732 Iuniano
922 643 971 731 ⁴et
995 657 1158 732 editione
1183 661 1359 758 principe.

177 781 182 790 “
209 782 311 858 Illud
337 782 525 884 exemplar
548 807 629 858 cum
651 781 888 880 autographis
902 782 1115 855 Heinsianis
1140 804 1207 880 per
1232 765 1362 858 vario-

197 907 537 991 Ι111111110111111111111
563 908 801 980 succesiones
827 903 972 978 tandem
1000 904 1097 978 dono
1122 905 1247 979 Dienii
1272 928 1361 1004 per-

208 1035 313 1108 venit
346 1035 384 1104 in
420 1028 678 1128 bibliothecam
714 1031 851 1124 regiam
883 1027 1171 1102 Berclinensern.
1231 1029 1360 1126 Itaque

210 1180 304 1254 ego,
341 1159 422 1254 ipsa
447 1175 593 1253 quoque
611 1149 850 1250 autographa
880 1152 1102 1244 Heinsiana,
1138 1151 1236 1226 unde
1262 1153 1361 1227 Bur-

209 1303 359 1352 mannus
385 1276 453 1350 illa
479 1301 545 1349 sua
578 1275 779 1364 hausisset,
817 1275 868 1348 ibi
895 1282 1043 1350 exstare
1078 1284 1186 1374 atque
1217 1259 1362 1351 servari

211 1426 318 1499 quum
348 1404 549 1491 nescirem,
584 1400 733 1498 primum
766 1397 869 1472 illius
901 1400 1159 1472 Burmanniani
1200 1399 1360 1498 exempli

209 1529 396 1600 variantes
418 1524 619 1622 diligenter
639 1525 814 1622 excerpsi
836 1525 955 1619 iisque
969 1524 1246 1596 commentarios
1259 1499 1363 1596 meos

215 1647 380 1748 explevi.
439 1649 585 1724 ,Verum
618 1673 725 1744 quum
756 1640 871 1719 allata
902 1653 941 1718 et
984 1648 1167 1744 inspecta,
1211 1645 1258 1718 de
1291 1671 1363 1742 qua

185 1771 321 1845 'modo
348 1771 483 1858 dictum
508 1779 578 1861 est,
605 1794 704 1844 nova
726 1767 892 1859 'editione
905 1765 1094 1875 Merkelii,
1121 1767 1218 1844 hunc
1242 1771 1361 1843 virum

212 1898 313 1995 ipsas
351 1917 496 1992 quoque
530 1895 677 1980 Heinsii
709 1891 886 1983 schedas,
923 1897 1038 1967 certes
1055 1900 1194 1992 partem
1227 1913 1359 1982 earum,

211 2041 308 2116 quae
330 2041 387 2091 me
412 2017 614 2108 latuerant,
642 2019 855 2092 excussisse
882 2023 919 2090 et
947 2019 983 2088 in
1013 2018 1267 2090 commentario
1293 2041 1361 2090 suo

211 2141 477 2216 describendas
505 2163 655 2215 curasse
680 2138 948 2236 intelligerem,
981 2143 1101 2226 statim
1132 2146 1245 2219 totum
1271 2157 1363 2239 opus

212 2266 413 2340 retractavi
441 2271 478 2338 et
503 2260 676 2367 quioquid
702 2262 789 2335 inde
803 2262 894 2336 utile
918 2260 1221 2362 perMerkelium
1246 2288 1361 2362 appa-

209 2375 305 2463 ratui
341 2391 471 2464 critico
504 2395 737 2479 accesserat,
781 2412 869 2465 eura
902 2384 1065 2464 secunda
1098 2390 1363 2485 commentariis

211 2515 300 2585 meis
327 2514 483 2584 inserui:
517 2521 571 2588 ut,
591 2507 662 2600 ista
684 2512 816 2602 'editio
845 2537 939 2588 nunc
966 2533 1089 2585 omnes
1114 2509 1217 2583 illius
1242 2511 1372 2583 Hein-¹

213 2636 564 2708 sio-Burmauniani
598 2643 792 2732 apparatus
825 2639 951 2734 copias
981 2635 1111 2734 plenas
1137 2642 1175 2708 et
1200 2637 1374 2730 integras

212 2756 489 2856 complectatur.
539 2755 699 2830 Exstant
732 2765 851 2830 autern
885 2761 923 2830 111
957 2758 1033 2832 11118
1065 2756 1217 2833 ‘schedis
1242 2757 1362 2830 Hein-

195 2883 325 2956 'sianis
350 2869 501 2978 orimum
537 2882 704 2978 integrae
737 2880 977 2973 collationes,
1012 2882 1058 2957 ab
1092 2885 1173 2982 ipso
1204 2883 1387 2955 Heinsio'

211 3007 400 3079 institutae
413 3025 419 3034 ⁸
433 2987 608 3077 libiorum
640 3004 854 3078 duodecim:
899 3006 944 3098 1]
973 3003 1113 3081 codicis
1142 3004 1362 3096 cusanam,

73 3101 76 3108 .
175 3113 179 3119 ¹
213 3134 259 3222 2]
285 3129 631 3217 Francofurtensis,
658 3124 704 3220 3]
729 3126 892 3222 Gallici,
919 3130 964 3222 4)
990 3111 1198 3219 Leidensis,
1226 3130 1271 3222 5]
1298 3129 1363 3202 Iu-

133 3329 136 3342 ,
213 3254 275 3342 nii,
303 3252 348 3344 6)
374 3251 571 3341 Moretani,
599 3251 645 3343 7)
670 3251 868 3358 Politiani,
896 3257 956 3351 qui
982 3253 1099 3350 vulgo
1125 3239 1200 3325 sub¹
1219 3255 1363 3325 nomine

100 3383 104 3398 ¹
213 3383 398 3472 ccccrpta
423 3374 617 3450 Politioni
650 3379 801 3465 citatur,
836 3399 929 3474 quae
953 3383 1040 3476 post
1068 3371 1362 3450 111111110-

213 3501 314 3572 vium
338 3497 388 3572 N.
414 3498 592 3570 Heinsius
617 3483 655 3569 in
680 3501 812 3572 itinere
843 3486 976 3574 Italico
1005 3491 1125 3574 denuo
1152 3496 1363 3604 descripsit,-

182 3643 185 3652 ’
213 3622 259 3714 9)
285 3623 409 3718 Regii,
435 3620 506 3714 10]
533 3620 727 3717 fragmenti
753 3623 886 3713 Revii,
912 3623 982 3716 11]
1010 3621 1156 3714 Servii,
1182 3617 1362 3713 1111111-

211 3748 323 3823 tionis
357 3720 533 3844 principis
574 3747 656 3819 sive
699 3747 896 3820 Romanae.
961 3744 1159 3838 Accedunt
1196 3749 1364 3843 integrae

215 3867 457 3959 collationes,
485 3892 575 3965 quas
601 3868 777 3942 Heinsius
803 3869 959 3942 811111118
986 3873 1078 3943 viris
1092 3870 1236 3945 'doctis
1253 3893 1363 3944 acce·

211 4001 328 4093 perat,
354 3994 514 4068 Palatini
540 3994 573 4067 1.
600 4001 637 4066 et
662 3997 708 4082 2,
735 3992 1061 4067 Pirchheimeriani
1085 3996 1167 4068 sive
1186 3993 1363 4069 Arunde-
1389 4037 1391 4044 ν

212 4116 314 4208 liani,
341 4125 378 4190 et
403 4126 580 4217 excerpta
605 4117 654 4190 Is.
678 4115 807 4190 'Vossii
834 4140 855 4190 e
883 4117 1013 4192 codice
1038 4121 1175 4216 ignoto·

291 4239 372 4316 Sed
405 4241 556 4318 codices
593 4241 728 4331 omlnes,
762 4265 912 4340 quorum
947 4246 1086 4320 variae¹
1106 4242 1288 4325 lectiones
1324 4245 1363 4314 111
