3006 4890
417 411 423 420 .
578 353 676 432 LIB.

97 493 378 638 Cinnaquoque
390 537 449 612 his
476 559 599 616 comen
612 545 681 630 est,

1095 345 1249 433 Ι’2115

699 536 891 636 Cinnaque
902 540 1097 638 procacior
1109 539 1245 631 Acer,

702 355 752 430 11.

145 665 197 740 Et
223 664 314 740 leve
341 651 548 755 Cornifiei,·
562 669 702 763 parque
728 658 883 738 Catonis
909 683 1031 762 opus·

97 887 187 940 Meni.
220 887 312 940 iieroi.
333 875 436 936 Notis
457 883 538 938 crev.
555 885 673 936 Num·-‘

98 970 147 1022 mi.
197 961 380 1032 Alii'Naeui,
417 967 509 1033 Meri,
543 967 671 1018 Maeni*

78 1033 172 1105 ‘iiusi
185 1045 272 1102 'Nom'
289 1047 375 1116 'quia
422 1051 513 1124 iieins.
539 1051 581 1101 ed.
606 1063 649 1113 pr.

96 1135 166 1201 coia
182 1133 301 1198 denique
316 1121 440 1186 careaco.

135 1248 237 1302 Ticida
262 1248 389 1314 (caius),
411 1260 494 1313 eques
515 1236 594 1296 Boni.
620 1249 649 1298 et

98 1334 195 1399 posta,
212 1333 315 1386 catulli
332 1331 465 1396 aequalis,
482 1332 649 1394 hymenaeos

97 1419 127 1465 et
144 1417 265 1466 obscena
291 1415 412 1464 carmina
433 1413 552 1476 scripsit.
586 1412 649 1462 Vid.

97 1495 390 1550 erinituottt.1att.
408 1507 432 1545 c.
450 1496 502 1561 aa,
532 1496 649 1548 casaub.

98 1583 135 1632 ad
164 1582 239 1630 suet.
266 1579 386 1633 Gramm.
414 1590 439 1628 c.
462 1576 519 1644 11.,
541 1575 649 1642 Apulei.

97 1665 256 1728 Apolog.i.
298 1708 325 1738 ·.
564 1649 567 1656 ’

131 1776 281 1831 Memmius
303 1777 425 1837 (caius)
450 1777 559 1840 orator,
576 1773 649 1828 cae-

97 1866 156 1917 sari
164 1862 372 1914 infestissimus
387 1862 461 1912 Suet.
469 1860 548 1912 caes.
565 1870 589 1908 c.
607 1859 648 1909 28.

98 1948 140 1998 is.
157 1947 215 2011 ra,
236 1945 292 1997 cic.
314 1945 390 1994 brut.
415 1930 439 1994 ο.
457 1941 648 2007 ro.,n11ennt.

98 2029 226 2092 Prolegg.
243 2027 272 2077 in
288 2026 345 2079 cic.
362 2029 437 2078 Brut.
454 2041 480 2089 p.
501 2025 541 2076 ti.
575 2027 649 2075 Idem

99 2109 251 2172 composuit
266 2111 413 2174 ammonia,
429 2109 479 2162 sed
495 2110 565 2158 iura
581 2120 649 2158 ora-

98 2193 181 2242 tione.
223 2195 254 2243 Α.
279 2192 351 2243 (teli.
374 2194 410 2242 N.
430 2194 464 2243 Α.
488 2191 559 2241 xix.
583 2203 607 2241 c.
624 2190 648 2240 3.

98 2275 166 2324 Piin.
182 2273 267 2336 Epist
284 2275 320 2325 V.
337 2275 361 2324 3.
379 2277 403 2324 5.
487 2336 493 2343 ¹
597 2287 603 2298 ’

131 2389 190 2440 434.
214 2387 311 2446 Rebus
332 2377 414 2439 od'esi
443 2399 551 2438 nomen.
606 2389 651 2436 ita

98 2473 235 2524 scotist
251 2474 322 2530 ,vett
345 2473 405 2521 edd.
429 2483 529 2520 omnes.
562 2469 650 2520 Hein-

96 2556 155 2605 sius
172 2551 309 2615 probabat
326 2552 511 2604 coniecturam
530 2555 650 2604 notten-

73 2636 219 2701 norpbii:

146 2749 225 2792 Rebus
237 2723 581 2868 abestonnisdnoininibusqus
605 2757 649 2802 pu·

413 2824 445 2857 or.

99 2903 237 2970 senueris
258 2920 293 2968 ac
314 2919 381 2968 nor.
402 2917 450 2969 οι.
475 2919 512 2982 ιι,
537 2916 580 2981 ιι,
607 2916 646 2966 1a.

99 3003 169 3050 banc
185 3002 351 3066 scripturum
371 2999 472 3065 reiicit,
485 2991 487 2996 ’
498 3012 532 3052 ac
549 3001 647 3050 deien-
694 3047 696 3050 .

100 3085 140 3134 dit
155 3085 333 3147 scripturam:

145 3194 223 3238 liebus
237 3195 303 3238 abest
319 3205 401 3238 nomen
418 3193 592 3247 nominibusque
605 3202 649 3246 pu·

397 3262 440 3304 tior
452 3283 478 3292 -

98 3365 168 3414 baec
193 3345 310 3414 'notansr
347 3366 407 3414 iioc
439 3363 500 3414 vult
525 3363 649 3414 Ovidius:

96 3451 192 3514 „apud
210 3447 328 3498 Ticidam
346 3449 374 3496 et
391 3446 544 3496 Memmium
567 3447 649 3496 rebus

95 3530 157 3579 sive
173 3529 341 3590 arpumeaio
361 3541 458 3578 verum
481 3541 580 3578 nomen
598 3529 649 3577 ab-

95 3623 170 3674 esse,
196 3612 322 3661 curabit
346 3595 501 3673 Perillam,
526 3612 600 3661 alter
616 3623 649 3660 a·

95 3693 172 3756 liam,
190 3705 270 3754 quain
286 3693 359 3743 iaiso
377 3691 570 3757 inscriberent,
590 3692 649 3756 [nc-

95 3771 220 3824 minibus
231 3773 323 3837 'porro
339 3774 395 3823 illis
409 3773 549 3834 pauorem
566 3775 649 3824 abes-

95 3869 140 3921 se,
158 3870 220 3907 corn
236 3857 342 3921 scripta
358 3857 408 3907 illo
424 3859 537 3919 praeter
554 3859 649 3920 turpes

95 3953 207 3990 amores
231 3941 298 3990 nibil
333 3941 394 3990 iere
423 3939 496 3989 aliud
524 3941 648 3991 contine-

699 895 770 949 quos
790 883 876 935 rebus
897 882 1070 946 terpissimis
1098 895 1198 935 soncos
1224 887 1249 937 b.

699 980 723 1018 e.
740 980 813 1020 vero
834 965 993 1030 appellatio
1009 953 1099 1032 adest,
1117 967 1145 1016 ei
1158 967 1249 1017 nomi-

697 1048 779 1100 nibus
794 1059 995 1112 personarum,
1016 1051 1203 1116 dissimulatis,
1220 1055 1252 1102 ut

698 1147 726 1183 v.
742 1133 799 1182 428.
818 1130 955 1182 acatullo
971 1133 1073 1182 factum
1091 1145 1152 1184 esse
1170 1134 1250 1198 dixit,

697 1215 775 1278 veris,
794 1225 888 1264 earnm
903 1213 1067 1278 nominibus,
1084 1214 1167 1264 adest
1190 1227 1248 1278 pu-

697 1296 761 1346 rior.
800 1295 959 1348 obscuritas
981 1294 1038 1344 ioci
1063 1296 1187 1346 nascitur
1212 1308 1247 1348 ex

697 1379 760 1442 iila,
776 1391 854 1442 quarn
871 1378 955 1441 posta
970 1377 1118 1428 affectabat
1133 1380 1247 1429 concin-

698 1461 796 1524 nitate,
813 1463 892 1510 etex
909 1447 955 1525 eo,
973 1463 1043 1524 quoi
1061 1459 1169 1530 nosilla
1183 1473 1249 1510 car·

699 1544 771 1592 mma
786 1547 842 1594 non
858 1543 994 1607 novimus,
1011 1544 1045 1592 de
1067 1543 1161 1606 quibus
1178 1542 1249 1606 poe-
1358 1573 1364 1580 -

699 1626 745 1674 tae
751 1657 763 1689 ,
780 1627 811 1674 ut
833 1623 929 1687 cuique
945 1625 1030 1690 notis,
1047 1626 1123 1688 loqui
1138 1623 1251 1678 licebat.

542 1698 545 1706 '
613 1709 615 1714 ’
678 1703 680 1706 ’
699 1707 822 1758 iudicent
838 1707 1006 1770 sagaciores.

731 1825 789 1875 435.
816 1821 909 1874 &aaa
928 1822 978 1881 (c.
1006 1822 1138 1880 Helvios)
1164 1819 1250 1886 poeta

698 1895 999 1970 bonanus,cic'eronis
1014 1906 1149 1971 aequalis,
1164 1918 1249 1969 prae-
1330 1935 1335 1943 -

698 1991 818 2041 toralia
840 2002 856 2039 e
877 2000 981 2054 genero
1004 1990 1129 2052 elegiaco
1151 2001 1248 2052 parum

698 2075 777 2126 casta
794 2074 880 2132 (Piin,
897 2073 932 2122 V.
955 2073 981 2121 3.
1003 2074 1053 2137 5.),
1073 2071 1160 2120 maius
1182 2083 1249 2120 car-

698 2170 762 2208 men
786 2156 898 2218 scripsit
928 2155 1054 2215 Smyrna
1078 2155 1248 2217 inscriptum,

697 2235 796 2302 inquo
813 2238 960 2288 scelestum
977 2247 1098 2286 amorem
1114 2233 1249 2300 Myrrhae

699 2332 761 2369 cum
778 2313 857 2382 patr'e
874 2319 981 2380 cinyra
996 2321 1024 2367 et
1040 2320 1146 2378 parturn
1161 2331 1196 2367 ex
1214 2330 1247 2368 eo
1314 2365 1320 2372 ,

699 2412 793 2451 amore
827 2401 951 2451 Adonin,
975 2399 1108 2449 cecinisse
1142 2401 1251 2466 dicitur.
1322 2409 1324 2416 ’

700 2484 800 2536 catull.
823 2495 846 2533 e.
867 2473 981 2547 110111,
1011 2484 1091 2533 Serv.
1113 2485 1147 2532 ad
1169 2483 1249 2547 virg.
1307 2470 1310 2474 ’

698 2568 900 2631 1151.111,35.,
924 2562 1014 2629 Quint.
1037 2569 1058 2616 1.
1080 2566 1110 2618 0.
1132 2567 1165 2615 Χ.
1183 2577 1207 2615 c.
1224 2565 1249 2616 4.

700 2648 778 2700 conf.
795 2651 861 2698 Met.
877 2649 914 2711 Χ,
932 2647 989 2698 tio.
1009 2661 1097 2714 sepo,
1112 2664 1165 2714 quo
1182 2650 1248 2701 loco

698 2730 757 2781 sine
781 2731 948 2781 dubitatione
972 2743 1037 2794 pars
1059 2735 1194 2798 smyrnae
1211 2733 1249 2782 ii-

698 2814 751 2863 iios
786 2813 925 2864 Cinnanae
957 2815 1131 2878 continetur..
1164 2817 1249 2876 ‚Viri

697 2896 851 2948 Weicbert.
873 2897 1022 2950 comment.
1048 2901 1083 2948 ‹ie
1109 2899 1139 2952 c.
1167 2900 1249 2949 iielv.

698 2977 831 3030 cinnal.

730 3078 832 3142 Anser,
858 3076 943 3141 poeta
964 3079 1059 3143 liora,
1076 3077 1121 3140 qui
1141 3077 1249 3127 laudem

699 3165 736 3212 Μ.
759 3161 873 3226 Antonii
896 3160 1015 3222 scripsit.
1058 3159 1113 3210 Sed
1135 3162 1249 3210 eundern

700 3245 781 3292 etiam
812 3242 933 3291 obscena
964 3241 1106 3304 scripsisse
1136 3257 1171 3296 ex
1196 3246 1249 3294 boc

699 3313 821 3386 aequalis
854 3323 896 3374 sui
930 3325 1085 3375 testimonio
1122 3317 1248 3390 apparet

699 3409 761 3458 Viri.
787 3407 904 3472 interpp.
929 3410 963 3458 ad
990 3409 1067 3474 Virg.
1097 3409 1157 3461 Eoi·
1182 3410 1248 3479 VII,

700 3493 740 3542 ³2.
758 3494 787 3544 et
802 3493 852 3557 ix,
869 3494 921 3560 tt,
937 3494 971 3544 ad
989 3494 1178 3560 Prop.11,2t,
1194 3495 1249 3558 83,

698 3577 779 3628 Voss.
798 3580 832 3628 de
849 3577 917 3628 Hist.
934 3578 995 3628 bat.
1012 3577 1032 3627 1.
1051 3589 1074 3628 c.
1097 3575 1149 3642 iz,
1166 3575 1249 3630 Wei-

699 3660 785 3710 cbert.
799 3659 821 3710 1.
838 3659 857 3708 l.

732 3727 909 3808 Proeooicr,
948 3743 1106 3810 obscenior.
1165 3745 1247 3794 Barb.

696 3822 874 3886 protervior.
908 3827 1016 3879 Pirckb.
1034 3825 1139 3876 Ancus.
1172 3833 1179 3840 “

731 3939 793 3990 tao:
806 3938 983 4005 Cornificius,
999 3940 1083 4002 posta
1099 3941 1261 4012 nonianus,-

95 4018 192 4072 rent.“
226 4023 292 4072 biibi
308 4035 377 4073 vera
390 4024 500 4073 videtur
508 4023 649 4086 scriptura
698 4020 840 4080 ciceronis
857 4022 992 4084 aequalis,
1009 4020 1065 4083 qui,
1086 4022 1117 4071 ut
1133 4031 1169 4069 ex
1185 4021 1210 4070 b
1227 4021 1247 4073 l.
1342 4079 1347 4090 ι

95 4105 232 4154 libroruin
253 4105 347 4167 asae,
380 4115 480 4155 nomen
502 4109 594 4155 autem
614 4119 648 4156 ac
699 4103 825 4152 discimus
831 4100 964 4163 ,ludicra
983 4113 1018 4152 ao
1035 4103 1110 4154 levia
1127 4105 1249 4160 coniecit

95 4183 217 4234 aomina
234 4187 344 4254 diverso
360 4186 516 4250 significato
537 4188 649 4250 capien-
699 4182 829 4232 omimi-
868 4183 973 4234 Plures
987 4184 1091 4246 (1¹11de
1109 4188 1248 4247 Cornificii

97 4269 145 4332 da,
170 4266 249 4317 cuius
271 4268 313 4320 rei
335 4268 461 4331 exempla
484 4266 600 4334 vidimus
622 4283 649 4318 v.
691 4266 895 4332 *memorantun
920 4268 970 4317 sed
994 4279 1054 4321 cunr
1071 4271 1097 4322 b.
1113 4272 1132 4324 i.
1149 4275 1247 4338 proxi.

98 4351 169 4402 sita
203 4352 235 4400 ut
259 4351 313 4404 boc
337 4351 411 4403 dicat
436 4349 536 4415 poeta:
558 4351 650 4415 opud
699 4361 770 4402 num
786 4349 885 4421 Austri
900 4351 992 4406 locun
1008 4359 1117 4422 aneu,
1137 4356 1248 4410 vinctor
