3078 4912
237 357 279 408 w
636 333 953 410 rnnnnnnro.
1069 421 1072 436 ,

141 528 147 534 ’
237 516 371 588 eximia
405 514 558 614 quadam
591 515 781 593 doctrinae
813 521 921 619 copia
952 523 990 591 et
1015 517 1202 616 elegantia
1227 520 1383 592 niteant:

237 646 356 712 tamen
383 636 457 713 dici
485 642 553 714 vix
575 649 716 739 potest,
749 633 853 741 qnam
879 645 1011 744 misere
1036 643 1146 717 iidem
1178 631 1384 718 innumera-

238 764 375 838 bilibus
408 763 488 837 fere
523 767 561 837 in
593 764 690 840 locis
721 774 868 872 poetam
902 752 1157 863 depravarint,
1202 773 1312 862 atque
1348 769 1384 838 in

237 891 452 989 scripturam
472 890 740 983 integerrimam
766 896 803 962 et
825 888 1133 984 elegantissimam
1159 895 1197 961 et
1221 891 1383 963 auctori·
1524 937 1525 942 ,

237 1020 313 1086 tate
350 1013 564 1110 optimorum
610 1019 774 1096 veterum
821 1011 996 1086 librorum
1032 1009 1276 1086 confirmatam
1312 1015 1386 1085 sint

238 1136 406 1230 grassati.
437 1161 441 1178 ·
473 1132 562 1222 Fuit
601 1137 695 1207 enim
727 1135 776 1208 N.
812 1137 968 1210 Heinsio
1006 1160 1177 1214 summum
1222 1157 1384 1226 acumen,

238 1256 373 1331 subtile
399 1255 583 1355 multaque
596 1264 783 1356 poetarum
803 1260 965 1335 lectione
984 1257 1186 1358 expolitum
1199 1258 1383 1349 iudicium,

238 1403 368 1478 magna
395 1379 580 1471 doctrina,
606 1384 737 1478 ingens
769 1406 881 1482 porro
906 1382 1151 1458 subsidiorum
1177 1385 1385 1458 criticorum

239 1510 453 1606 apparatus:
486 1511 526 1576 ut
551 1503 649 1577 haud
674 1504 789 1578 facile
816 1508 896 1605 quis
921 1483 989 1595 illa
1015 1504 1159 1604 quidem
1190 1512 1311 1579 aetate
1337 1503 1385 1577 ad

233 1639 382 1730 poetam
420 1637 585 1702 veterem
621 1627 799 1726 quendam
838 1605 1065 1703 tractandum
1098 1638 1136 1703 et
1166 1631 1316 1727 ingenio
1349 1635 1387 1701 et

239 1753 446 1828 eruditione
470 1756 509 1824 et
541 1754 659 1849 copiis
691 1755 854 1826 ornatior
879 1760 987 1850 atque
1018 1755 1232 1828 instructior
1255 1755 1411 1827 acces-'

238 1881 296 1952 rit.
333 1876 473 1949 Verum
487 1863 605 1947 defuit
629 1878 713 1950 viro
735 1879 889 1974 egregio
912 1879 1177 1976 circumspecta
1188 1875 1267 1967 illa,
1293 1896 1386 1982 quae

240 2003 369 2076 critico
405 2001 549 2090 omnino
582 2020 667 2104 esse
694 1997 816 2091 debet,
850 2002 971 2074 cantio
1004 2023 1066 2090 ac,
1103 1999 1202 2099 qnod
1238 2001 1273 2072 ei
1308 2021 1387 2072 cum

240 2125 482 2224 grammaticis
508 2122 609 2196 illius
636 2116 767 2196 aetatis
789 2145 977 2197 commune
1004 2123 1094 2214 fuit,
1122 2125 1287 2198 certain
1313 2124 1386 2199 crie

241 2253 315 2324 tice
329 2245 541 2322 exercenda
553 2245 800 2345 subsidiisque
819 2253 985 2321 veterum
1004 2246 1179 2321 librorum
1193 2245 1387 2320 censendis

241 2377 335 2450 ratio
361 2395 406 2476 ac
432 2395 574 2462 norma,
609 2376 648 2443 et
671 2391 765 2444 vero
791 2372 829 2442 in
856 2370 1148 2468 dis-tractissima¹
1163 2379 1201 2444 et
1227 2392 1387 2470 occupa-

242 2500 381 2570 tissima
413 2496 482 2569 illa
513 2497 593 2569 vita
627 2517 695 2568 sua
729 2497 852 2569 acrius
885 2518 1029 2595 qnoque
1061 2494 1156 2569 illud
1187 2501 1295 2592 atque
1329 2473 1387 2565 in-

242 2623 378 2694 tentius
403 2618 560 2693 studium
585 2621 701 2716 ipsius
731 2626 865 2717 poetae
891 2619 1188 2718 singulorumque
1213 2617 1389 2692 locorum.
1489 2635 1492 2642 '

136 2731 146 2738 ³
243 2742 369 2844 Atque
393 2743 480 2816 inde
505 2746 542 2814 in
570 2763 715 2816 errores
733 2741 915 2842 'delapsus
934 2750 993 2817 est
1017 2749 1056 2815 et
1080 2761 1217 2838 graves
1235 2762 1325 2812 sanc
1353 2746 1390 2813 et

228 2853 359 2944 'valde
385 2868 529 2942 multos.
579 2863 805 2965 Saepissime
838 2865 934 2946 illud
965 2867 1157 2965 peccavit,
1191 2870 1231 2936 ut
1260 2865 1390 2962 siqua

244 2995 317 3092 ipsi
342 2995 523 3090 scriptura
548 2994 654 3064 nnius
678 2998 741 3064 ant
766 2991 920 3064 alterins
946 2989 1088 3064 codicis
1103 2988 1169 3064 vel
1194 2986 1390 3062 mediocris

244 3125 353 3192 notae
377 3115 443 3190 vel
466 3114 535 3188 illo
561 3113 648 3188 loco
675 3095 836 3214 corrupti
861 3117 1033 3214 imprimis
1058 3117 1244 3187 arrisisset
1255 3117 1319 3204 aut
1343 3109 1392 3183 ad
1440 3139 1446 3150 ·

245 3241 460 3314 sententiam
488 3237 795 3314 accommodatior
814 3240 899 3312 visa
918 3246 1030 3330 esset,
1056 3237 1265 3338 posthabita
1281 3242 1391 3334 atque

245 3361 419 3459 neglecta
457 3361 624 3437 codicum
662 3361 885 3460 reliquorum
923 3366 1142 3440 auctoritate
1185 3365 1391 3462 optimaque
1432 3381 1436 3388 '
1510 3425 1516 3438 ,

246 3489 445 3585 scriptura,
487 3486 591 3560 illum
624 3511 732 3560 unum
767 3493 830 3560 ant
862 3489 1103 3586 paucissimos
1132 3485 1222 3559 illos
1256 3493 1393 3559 temere

246 3617 471 3709 sequeretur,
498 3616 560 3684 ant
583 3613 615 3684 si
641 3613 797 3712 poetam,
824 3613 886 3708 qui
909 3612 1091 3684 varietate
1117 3615 1155 3682 et
1180 3608 1288 3710 copia
1314 3632 1391 3683 om-

141 3727 146 3734 ’
247 3738 345 3808 nium
376 3742 565 3834 poetarum
596 3733 809 3809 Latinorum
841 3733 955 3807 facile
987 3736 1159 3834 princeps
1193 3741 1270 3826 est,
1308 3733 1393 3807 aliis

246 3858 343 3933 locis
368 3881 484 3963 prope
509 3856 606 3932 idem
633 3857 775 3933 dixisse
800 3861 1012 3957 reperisset,
1037 3855 1103 3930 vel
1129 3860 1257 3932 invitis
1283 3865 1391 3938 vete-

246 3983 349 4057 ribus
374 3981 479 4058 libris
505 3984 670 4059 omnibns
696 3988 758 4055 aut
782 3981 970 4080 plerisque
1001 3986 1040 4056 et
1064 3983 1225 4080 optimis,
1257 3979 1392 4073 locum,

247 4105 297 4182 de
331 4130 402 4205 qno
426 4132 522 4184 nnnc
556 4107 753 4206 agebatur,
790 4102 839 4179 ad
872 4103 962 4179 illos
996 4104 1254 4180 accomodaret
1285 4113 1395 4204 atque

248 4237 423 4325 mutaret,
450 4238 513 4308 ant
537 4234 569 4308 si
593 4236 709 4332 primo
734 4232 855 4308 statim
882 4237 1035 4332 aspectu
1059 4229 1126 4306 vel
1150 4251 1296 4304 sensnm
1320 4228 1393 4303 ali-
