3078 4912
257 433 359 484 xvnr
673 393 988 476 PRAEFATIO.
1043 463 1048 472 .

260 593 317 663 siu
343 585 561 687 appellatur,
588 587 670 658 sive
694 582 857 680 Hugenii
883 603 906 652 a
930 578 1170 678 Zuylichem,
1195 571 1293 650 hand
1320 597 1405 668 ore-
1461 579 1466 588 '

186 795 193 806 ,
261 713 328 788 bro
354 709 533 796 laudatus.
585 707 655 799 55)
669 704 809 795 Editio,
827 711 867 778 ut
893 703 939 778 ab
958 703 1114 776 Heinsio
1142 699 1287 791 dicitnr,
1301 703 1406 799 prin·

265 859 364 937 ceps,
391 834 568 921 Romana,
597 834 699 905 cuius
725 832 913 903 variantes
939 831 975 900 in
993 823 1192 926 exemplari
1206 826 1321 923 primo
1339 826 1407 900 sub

260 965 350 1037 nota
374 956 421 1031 D.
446 954 555 1049 [bibl.
584 975 661 1050 reg.
676 952 800 1027 Berol.
814 952 847 1026 b.
863 950 1010 1042 Dienii)
1033 957 1206 1024 accurate
1231 951 1407 1023 enotavit

262 1080 388 1178 Atque
421 1077 470 1152 de
503 1086 581 1152 toto
617 1080 689 1152 isto
715 1098 862 1150 numero
898 1071 1061 1148 eXVII
1093 1075 1255 1170 integra·
1287 1071 1406 1146 colla-

260 1207 402 1292 tiones,
437 1199 564 1297 quales
589 1201 763 1275 Heinsius
788 1203 869 1298 ipse
894 1197 1083 1298 possedit,
1117 1195 1311 1288 habemus,
1334 1201 1409 1294 squi
1523 1257 1524 1264 ,

261 1332 364 1400 sunt:
391 1323 640 1414 Buurlidianu‚
665 1322 1000 1410 Francofurtensis,
1020 1318 1201 1411 Gallicus,
1222 1321 1407 1411 lunianus,

263 1447 480 1539 Leidensis,
501 1437 741 1537 Moretanus,
767 1446 972 1536 Puteanus,
999 1442 1175 1552 Politiani
1208 1441 1301 1535 duo,
1328 1445 1406 1517 Re-

263 1575 365 1672 gius,
399 1571 638 1668 fragmentum
664 1570 798 1662 Revii,
835 1567 1040 1645 Serviano·
1066 1574 1243 1672 excerpta
1267 1567 1407 1660 Vossii,

262 1696 580 1784 Bersmannianns,
606 1693 766 1769 Palatini
794 1691 878 1782 duo,
906 1698 944 1766 et
968 1681 1337 1767 Pirckheimerianus.

339 1818 410 1892 His
435 1815 617 1893 accedunt
652 1816 871 1892 collationes
905 1818 1100 1914 nuperrimi
1125 1809 1253 1888 horum
1278 1818 1408 1890 carmi-

265 1964 348 2015 num
373 1940 527 2014 editoris
557 1941 603 2014 R.
629 1937 824 2030 Merkeliii
859 1938 903 2031 1]
939 1936 1119 2029 Gothani,
1147 1938 1409 2014 membranacei

260 2063 418 2153 saeculi,
443 2043 538 2138 teste
564 2061 772 2153 Merkelio,
808 2062 928 2152 XIII,
955 2065 1016 2160 qui
1041 2061 1152 2136 hodie
1169 2071 1349 2137 servatur
1366 2066 1410 2136 -in

265 2185 490 2280 bibliotheca
516 2185 638 2260 ducali
662 2184 842 2277 Gothana,
861 2180 914 2278 ’2)
942 2183 1237 2294 Guelferbytani,
1252 2191 1313 2285 qui
1327 2186 1412 2261 olim

267 2307 380 2385 Gudii
393 2309 473 2402 fuit,
500 2309 775 2400 membranacei,
799 2316 948 2384 auctore
969 2309 1110 2386 Eberto
1135 2314 1173 2383 in
1199 2311 1305 2385 catal.
1331 2337 1413 2386 mss.

267 2433 392 2510 Guelf.
418 2460 453 2534 p.
479 2434 554 2508 122
579 2411 852 2527 aneonlinll,
877 2437 980 2509 cuins
1005 2439 1193 2532 variantes
1203 2423 1413 2510 Merkelins

267 2584 291 2632 a
315 2556 586 2654 Schweigero,
602 2557 849 2634 bibliothecae
877 2558 1043 2650 custode,
1070 2562 1224 2658 accepit,
1252 2559 1297 2652 3)
1317 2559 1413 2633 VIII

269 2678 478 2769 editionum,
505 2681 646 2754 saeculi
670 2680 778 2771 XV.,
806 2702 899 2778 quae
923 2689 1025 2753 sunt:
1053 2681 1097 2773 1]
1112 2681 1261 2756 'Veneta
1286 2684 1412 2759 Iacobi

268 2802 389 2879 Rubei
414 2828 446 2888 a.
473 2803 590 2894 1474,
625 2807 671 2896 2)
697 2795 906 2878 Parmensis
932 2801 1112 2903 Stephani
1139 2802 1282 2880 Coralli
1307 2805 1413 2903 Lug-

270 2926 445 3002 dunensis
471 2950 503 2999 a
530 2925 641 3018 1477,
668 2952 773 3026 quam
798 2935 836 3001 et
861 2951 933 3026 ego
957 2953 989 3001 a
1011 2926 1110 3002 1832
1137 2932 1174 3001 in
1187 2928 1413 3010 bibliotheca

267 3055 373 3150 regia
396 3048 622 3141 Dresdensi,
657 3054 695 3124 in
730 3077 800 3150 qua
835 3048 1144 3151 elegantissimum
1166 3052 1268 3126 illius
1293 3061 1415 3128 exstat

197 3160 200 3170 ⁵
269 3173 458 3274 exemplar
482 3173 633 3264 contuli,
659 3173 704 3267 3]
729 3176 1047 3270 Bononiensisll.
1074 3174 1303 3251 Balthasaris
1330 3178 1412 3251 Az-

161 3317 164 3322 ·
270 3296 441 3402 moguidis
468 3317 506 3371 a:
522 3296 636 3388 1480,
663 3301 765 3374 cuius
792 3302 980 3402 exemplar
994 3308 1115 3375 exstat
1139 3303 1176 3374 in
1190 3297 1413 3376 bibliotheca

270 3422 570 3512 Zwiccaviensi‚
612 3423 657 3515 4)
684 3421 882 3500 Vicentina
912 3429 1089 3525 impressa
1122 3426 1168 3530 ab
1203 3425 1412 3498 Hermanno

269 3541 523 3620 Lichtenutein
549 3541 786 3640 Coloniensi,
815 3549 1029 3624 emendante
1054 3550 1224 3624 Bernaba
1250 3546 1413 3624 Celsano

270 3667 471 3744 Vicentino
496 3693 540 3774 a,
554 3668 665 3761 1480,
693 3676 796 3746 cuius
817 3671 989 3756 editionis
1007 3672 1195 3772 exemplar
1204 3671 1422 3774 =Merkelius·

271 3790 445 3883 eontulit,
472 3793 571 3889 quod
596 3803 717 3868 exstat
741 3792 790 3868 in'
803 3794 1027 3871 bibliotheca
1051 3797 1343 3885 Zwiocaviensi,
1370 3797 1415 3887 5]

271 3914 419 3992 Veneta
444 3939 475 3988 a.
496 3915 613 4010 1484,
639 3918 685 3992 ab
710 3918 841 3992 iisdem
866 3923 959 3995 viris
991 3919 1091 3992 edita
1125 3922 1248 4017 itaque
1273 3917 1417 3992 Viuen-
1503 3903 1508 3910 ’

270 4041 369 4112 tinae
378 4039 574 4143 simillima,
594 4041 639 4133 o)
654 4039 801 4116 Veneta
811 4042 1033 4126 ,Bernardini
1047 4040 1095 4115 dc
1110 4041 1291 4132 Novaria,
1305 4063 1417 4141 prae-

270 4161 368 4240 fatus
400 4170 458 4236 est
492 4164 615 4239 Bonna
646 4165 851 4241 Accursius
879 4166 1058 4258 Pisanus,
1098 4192 1129 4240 a.
1157 4165 1278 4258 1486,
1313 4168 1418 4239 onius

270 4284 458 4386 exemplar
480 4287 831 4386 Merkelius,qnod
856 4289 1023 4364 Berolini
1047 4293 1085 4364 in
1115 4288 1203 4365 bibl.
1229 4311 1307 4386 rog.
1333 4311 1418 4362 ser-

270 4416 390 4502 vatur,
418 4407 582 4485 contulit.
640 4409 830 4484 Eiusdem
849 4413 1038 4513 exemplar
1064 4419 1188 4488 exstat
1213 4416 1251 4485 in
1276 4409 1417 4486 biblio-
