3078 4912
261 367 349 418 mr
375 427 379 434 ¹
684 333 1000 412 nonnemo
1062 353 1073 362 ·

262 545 351 612 sem,
375 517 649 596 Creveunaeet
669 515 917 592 Relaudinum
928 513 1095 589 eontulit
1147 511 1287 586 Verum
1312 537 1420 610 quum

263 668 338 743 ego
363 648 434 717 iam
458 641 522 715 diu
552 649 637 715 aute
663 639 756 714 duas
789 639 878 711 illas
910 637 1133 710 oollntiones
1165 640 1419 734 excerpissem

266 778 305 844 et
327 777 404 842 tres
428 767 517 841 illos
543 765 697 842 oodioes
722 761 1076 868 ipseoontulissem,
1095 759 1218 834 'allata
1239 759 1421 876 Merkelii

266 887 429 966 editione
453 893 493 964 iu
517 890 786 964 commentariis
812 887 902 958 meis
925 883 1018 957 nihil
1043 882 1251 956 mutandum
1276 887 1418 981 putavi,

129 1065 136 1074 .
209 1111 212 1124 Ι
266 1016 424 1118 mihique
455 1011 545 1085 illos
579 1009 733 1086 oodioes
762 1031 843 1082 meo
878 1011 958 1081 iure
971 1049 975 1056 ·
989 1010 1144 1098 asserui,
1176 1029 1297 1104 neque
1329 1006 1417 1082 lri‘no

267 1138 355 1216 inde
378 1161 479 1212 meos
502 1134 694 1233 appellare
719 1131 871 1206 eodioes
897 1130 1085 1221 dubitavi3
1109 1151 1231 1227 neque
1250 1153 1347 1204 nune
1363 1153 1420 1206 nre

269 1261 434 1361 poenitet
456 1279 542 1357 mea-
559 1279 617 1330 me
642 1259 765 1356 potius
789 1255 938 1329 illorum
960 1253 1129 1328 codicum
1151 1262 1331 1353 excerpta
1345 1254 1419 1328 de-

271 1380 468 1458 scribenda
486 1403 649 1470 curasse,
665 1403 773 1478 quum
785 1378 1009 1453 Merkelium
1035 1381 1162 1476 copias
1187 1401 1325 1468 eorum,
1352 1382 1420 1452 im-
1514 1411 1515 1466 5

271 1509 396 1606 primis
417 1501 673 1579 Berolinensis
694 1511 734 1576 et
754 1500 989 1593 Crevennae
1014 1505 1203 1576 nonsatis
1225 1501 1423 1600 diligenter

271 1637 468 1704 annotasse
494 1630 770 1726 cognoverim„
877 1701 882 1708 ,

347 1752 582 1824 Deb⁰¹¹it³l⁰
595 1750 723 1847 ¹¹⁰me
742 1757 798 1822 tot
817 1747 985 1822 oodioum
1006 1715 1161 1822 diftieiIe
1175 1758 1234 1824 est
1245 1748 1422 1841 iudicare,
1514 1709 1515 1754 l

275 1883 495 1971 sertumque,
521 1872 962 1971 quaquisquelrslrendus
984 1876 1034 1945 sit
1057 1872 1132 1947 lide
1156 1881 1266 1970 atque
1291 1857 1421 1950 auoto-

275 2003 396 2088 ritate,
422 1997 587 2072 ordinem
611 2005 785 2087 statuere,
811 2021 919 2093 quum
944 1997 1009 2069 alii
1033 1999 1072 2068 in
1096 1997 1154 2070 his
1176 2021 1291 2096 saepe
1315 1998 1423 2089 looiS,

276 2122 342 2197 alii
375 2124 413 2194 in
445 2121 523 2194 illis
554 2127 744 2220 praestare
777 2119 989 2216 Ovidiique‘
1009 2144 1151 2192 manum
1185 2121 1327 2198 referre
1358 2099 1423 2196 w'vi-

275 2246 452 2336 deantur3
489 2269 689 2343 quanquam
720 2247 900 2343 pessimos
937 2243 984 2316 ab
1013 2242 1324 2319 emendatioribus
1367 2243 1424 2318 di·

277 2373 466 2468 stinguere
490 2369 588 2443 haud
615 2368 780 2442 difficilis
805 2390 920 2468 opera
945 2373 1012 2440 est
1066 2367 1280 2465 ‚Merkelins
1313 2388 1429 2466 nuper

199 2484 203 2488 ¹
278 2493 390 2566 multa
413 2493 463 2566 de
488 2493 628 2566 familia
651 2492 805 2589 quadani
823 2491 1000 2565 disseruit
1013 2490 1308 2587 singularemque
1323 2491 1422 2564 olas-

278 2638 357 2688 sem
380 2618 505 2713 posuit
528 2618 853 2710 tutor-potatorum.
910 2612 1049 2686 Verum
1081 2638 1187 2709 quom
1219 2613 1335 2699 ardua
1366 2636 1427 2688 res

278 2741 341 2828 sit,
367 2741 430 2834 qui
456 2737 619 2827 eodioes,
646 2736 737 2810 lieet
753 2740 794 2810 iu
807 2734 931 2808 multis
946 2735 1057 2811 rebus
1079 2762 1103 2811 a
1117 2737 1268 2841 reliquis
1281 2735 1427 2810 disere-

282 2847 381 2960 pent,
408 2882 460 2932 ex
483 2883 557 2932 uno
583 2857 785 2956 eodemque
810 2859 980 2959 exemplo
1005 2865 1202 2951 manarint,
1229 2866 1267 2932 et
1291 2862 1330 2932 iu
1355 2863 1427 2956 quo

283 2984 351 3058 illa
374 3005 501 3056 eorum
525 2985 699 3080 cognatio
733 2986 855 3082 posita
887 2988 953 3075 sit,
990 2983 1218 3083 disseptum,
1254 3007 1429 3081 quamque

283 3107 406 3183 facilis
431 3111 468 3180 in
494 3114 596 3180 tauta
620 3106 843 3208 obscuritate
867 3129 972 3180 error
996 3111 1057 3197 sit,
1082 3131 1188 3182 nemo
1215 3111 1251 3181 in
1270 3107 1328 3180 lris
1350 3115 1429 3183 stu·

285 3230 358 3303 diis
378 3235 550 3302 versatus
575 3232 732 3324 ignorat,
759 3238 798 3304 et
821 3253 903 3305 oum
927 3231 993 3304 alii
1019 3237 1092 3304 tum
1115 3234 1197 3329 ipse
1221 3230 1429 3305 Merkelius

283 3347 421 3430 illustri
454 3349 647 3424 admodum
679 3359 718 3424 et
751 3352 850 3449 quod
880 3354 1014 3428 futuris
1052 3353 1256 3428 editoribus
1287 3358 1324 3427 in
1358 3355 1429 3429 hae

285 3499 328 3550 re
353 3479 558 3553 oautionem
582 3475 753 3566 suadeat,
780 3476 952 3578 exemplo
977 3477 1160 3578 probavit
1212 3479 1432 3576 Namqueis

285 3601 492 3676 Palatinum
516 3599 557 3689 1.,
583 3598 715 3674 bonum
744 3600 889 3696 quidem
916 3600 1101 3694 oodioem,
1125 3626 1200 3676 non
1226 3601 1430 3702 interpola·
1514 3631 1515 3670 l

216 3819 222 3828 ⁸
286 3733 458 3799 tumesse
480 3727 634 3814 sensuit,
661 3732 789 3799 eontra
814 3724 948 3798 multos
976 3724 1090 3816 alios,
1124 3729 1163 3798 in
1196 3726 1255 3800 his
1284 3730 1432 3826 praeei—
1514 3757 1515 3772 ¹

287 3869 360 3949 pue
383 3848 602 3921 Vaticanum
634 3848 685 3936 1.,
715 3847 925 3922 Medieeum
950 3850 997 3941 L,
1030 3857 1220 3947 utrumque
1244 3850 1433 3941 Politiaui,

286 3972 493 4070 Palatinum
516 3971 565 4043 [L
590 3977 630 4043 et
655 3965 892 4044 Combiauum
922 3980 1009 4047 nota
1043 3975 1205 4048 familiae
1229 3973 1433 4072 interpola·

288 4105 349 4170 tae
374 4097 576 4192 insignivit.
626 4093 680 4168 At
705 4094 896 4170 Palatinus
915 4095 998 4194 ,ille
1028 4103 1101 4174 etsi
1134 4099 1283 4173 easdem
1315 4101 1432 4170 inter-

215 4207 219 4216 ’
287 4220 512 4322 politiones,
540 4241 630 4313 quas
654 4219 724 4311 illi,
750 4235 824 4295 non
850 4245 976 4298 omnes
999 4222 1127 4315 habet,
1157 4222 1288 4296 multas
1314 4223 1435 4295 tamen

288 4343 400 4424 habet
422 4342 517 4416 alias
547 4347 585 4414 et
616 4346 803 4442 proprias,
836 4369 882 4422 ao
908 4371 950 4424 re
982 4350 1191 4426 aoeuratius
1229 4349 1439 4422 exaurinata
