3078 4912
241 383 266 459 6
316 405 318 412 ·
601 373 1013 455 PROLEGOMENA.

374 563 468 616 Editus
485 561 528 614 iric
545 527 713 624 (Sulmonej
730 571 783 624 ogo
799 571 870 625 sum,
886 568 939 608 nec
955 569 1012 609 nou
1029 561 1058 608 ut
1078 561 1203 621 tempora
1219 555 1306 622 noris,

406 647 471 698 cum
488 645 586 696 cecldlt
602 645 661 694 lato
678 645 774 694 consul
790 644 905 706 uterque
921 641 990 705 pari.

136 763 144 786 '
192 740 196 754 ι
242 779 280 840 ln
307 795 369 860 quo
398 737 538 840 carrnine
565 775 677 840 consul
707 782 841 855 uterque
871 769 1068 853 intelligendi
1095 761 1171 833 sunt
1197 770 1322 832 Hirtius
1353 777 1387 830 et

240 885 369 967 Pausa,
392 885 446 967 qui
471 885 504 944 in
525 884 608 945 bello
625 889 658 943 ct
678 880 797 962 proelio
818 879 994 945 Mutinensi
1016 886 1127 940 contra
1147 878 1193 938 M.
1214 877 1386 944 Antonium

239 993 418 1074 perierunt:
452 991 536 1050 oller
563 991 647 1048 enim
666 986 814 1062 Hirtius,
845 995 881 1050 ut
906 984 1001 1048 tradit
1029 984 1175 1048 Velleius
1195 984 1385 1046 Paterculus

174 1115 176 1124 ⁴
239 1099 279 1160 Π.
300 1119 328 1162 c.
350 1098 414 1181 61„
436 1100 472 1184 r'rr
486 1099 564 1174 -r‘poa
586 1097 664 1169 acte,
687 1095 770 1154 alter
787 1100 860 1172 post
875 1113 997 1172 paucos
1010 1094 1080 1152 dico
1091 1112 1135 1154 eo*
1149 1093 1284 1152 vulnere
1297 1111 1384 1152 mor-

239 1205 398 1267 tcmobir't.
416 1247 419 1252 -
440 1201 514 1266 Vid·
529 1201 631 1266 'lacit
652 1200 767 1262 Annal.
794 1191 832 1262 Ι.Ι
848 1219 876 1263 c
905 1198 953 1261 10.
980 1206 1019 1262 et‘
1034 1199 1096 1259 Dio
1118 1197 1235 1264 XLVI.
1260 1218 1292 1280 p.
1313 1193 1384 1260 317.

240 1311 340 1390 quue
362 1309 482 1374 sautum
504 1318 557 1372 est
577 1308 666 1372 a.-U.
690 1306 727 1370 C.
749 1305 896 1370 DCCXI.

247 1424 250 1430 '
322 1418 374 1479 Ac
394 1433 540 1482 mensem
561 1434 685 1500 quoquo
708 1435 748 1479 ac
769 1413 865 1497 diem,
889 1430 950 1492 quo
971 1419 1067 1478 naum
1085 1411 1139 1494 sit,
1162 1410 1234 1492 ipse
1255 1409 1380 1474 indica-

241 1522 301 1606 uit,
324 1520 418 1587 'l'rist
439 1527 499 1609 lv,
523 1525 574 1608 lu,
597 1523 673 1587 9-
688 1522 737 1585 14.

371 1689 431 1740 Nec
447 1690 530 1752 stirps
547 1689 636 1751 prima
652 1687 703 1752 fui,
719 1686 813 1750 genito
824 1697 887 1734 sum
904 1684 992 1734 fratre
1009 1686 1132 1748 creatus,

406 1769 459 1834 Qui
476 1772 562 1821 tribus
580 1773 644 1820 ante
661 1773 758 1833 quater
773 1765 910 1821 mensibus
927 1771 1004 1817 ortus
1021 1768 1091 1817 erat.

373 1853 487 1908 Lucifer
504 1851 642 1902 amborum
660 1840 798 1906 natalibus
814 1851 892 1902 alluit
907 1839 993 1912 ldem3

405 1939 466 1987 Una
483 1935 624 1986 celebrata
640 1937 683 1984 est
699 1946 749 2002 per
765 1936 818 1985 duo
835 1934 891 1984 liba
908 1933 974 1982 dies.

373 2021 449 2071 llaec
466 2022 513 2091 est
524 2016 670 2067 armiferae
685 2018 763 2068 festis
780 2020 814 2066 de
833 2017 948 2081 quinque
963 2014 1119 2079 Minervae,
1150 2077 1157 2086 ,

401 2091 483 2166 'Quae
499 2100 560 2151 lieri
576 2111 668 2166 pugna
684 2099 771 2162 prima
789 2103 903 2151 cruenta
918 2099 1000 2150 solet.
1016 2121 1049 2132 -
1081 2095 1083 2100 '

239 2243 339 2328 Nam,
361 2217 446 2329 cuod
464 2246 496 2308 h.
516 2247 536 2308 l.
557 2217 757 2328 significatur
779 2246 897 2307 festum
907 2244 1093 2327 Minervae,
1115 2241 1192 2304 illud
1213 2252 1276 2328 est,
1300 2246 1384 2328 quod

239 2374 355 2417 nomeu
375 2355 752 2435 habebatqur'nquotrua
772 2354 845 2415 sive
867 2355 1096 2434 quinquatria,
1119 2351 1193 2434 quia
1215 2355 1383 2434 quotannis

239 2482 298 2544 per
318 2463 454 2547 quinque
476 2461 546 2524 dies
567 2463 733 2526 continuos
755 2462 984 2525 celebrabatur.
1026 2457 1117 2520 nost.
1138 2459 1196 2542 ΠΙ,
1218 2459 1290 2524 809.

372 2643 628 2660 .......
661 2613 729 2660 liunt
743 2621 826 2660 sacra
843 2591 1000 2672 Minervae,

405 2689 572 2753 Nullusque
588 2703 607 2741 a
621 2692 720 2741 iuuetis
737 2693 853 2755 quinque
870 2690 963 2740 diebus
981 2690 1089 2744 habent.
1126 2763 1128 2768 Α

241 2817 315 2885 Vid.
343 2820 386 2882 ibi
414 2821 615 2904 interpretes.
666 2823 778 2905 anue
805 2841 901 2886 sacra
928 2822 1016 2885 XIV.
1045 2821 1114 2885 Cal.
1142 2823 1240 2903 April.
1270 2814 1372 2902 (XIX

240 2927 354 3009 Mart.)
376 2928 577 3010 incipiebant
618 2929 692 2994 viu.
713 2929 804 2992 Fast.
826 2931 845 2991 l.
866 2931 885 2990 l.
908 2937 941 2992 et
961 2929 1214 3011 ibiinterpretes.
1257 2931 1384 2994 Kalen·

241 3033 308 3102 dar.
341 3033 468 3100 Gruter.
502 3057 532 3120 p.
555 3036 734 3101 CXXXIII.
763 3036 857 3102 Cous.
873 3037 967 3100 Varr.
988 3038 1016 3097 Ι.’
1034 3055 1063 3098 c.
1083 3035 1113 3097 5.
1136 3047 1170 3100 et
1184 3035 1268 3100 Geli.
1285 3039 1384 3100 Noot.

239 3144 306 3207 Au.
326 3147 367 3210 Π.
389 3163 417 3207 o.
438 3145 489 3207 21.
510 3203 512 3210 .
532 3143 632 3208 Cuius
654 3145 730 3207 sesti
750 3146 870 3226 primus
891 3146 961 3204 dieo
979 3162 1051 3205 cum
1068 3150 1381 3221 conquinaverunt,

240 3259 275 3314 ut
295 3252 366 3332 ipse
387 3259 500 3314 auctor
521 3259 572 3313 est
592 3251 682 3314 Fast.
703 3253 761 3333 ΠΙ,
782 3252 877 3334 811,
910 3260 1044 3333 quatuor
1064 3260 1171 3314 autem
1191 3254 1303 3335 reliqui
1320 3273 1384 3336 pu·

240 3357 314 3440 gnis
336 3355 534 3439 gladiatoriis
552 3366 726 3439 agerentur
748 3357 855 3437 (Fast.
869 3357 926 3440 ΠΙ,
949 3356 1020 3420 813.

373 3505 471 3562 Altera
488 3502 583 3567 (dieo)
601 3508 710 3590 tresque
726 3510 915 3569 superstrata
932 3507 1108 3559 celebrantur·
1123 3494 1245 3577 areum

240 3645 274 3700 et
295 3655 333 3699 se
354 3637 426 3699 loco
446 3635 499 3698 illo
515 3636 614 3699 ‘'l'rist.
635 3637 694 3721 lv,
719 3636 768 3699 10.
789 3638 891 3719 prima
914 3636 954 3698 de
974 3637 1014 3700 iis
1043 3636 1172 3720 diebus,
1202 3611 1285 3718 quae
1306 3637 1382 3718 gla-

240 3741 380 3805 diatoriis
401 3744 582 3806 muneribus
593 3745 835 3828 illustrarentur,
858 3753 966 3807 natum
982 3743 1079 3829 dicat,
1101 3742 1218 3827 liquido
1231 3752 1378 3828 apparet,

239 3851 339 3914 altera
361 3869 434 3912 oum
455 3851 696 3933 quinquatruum
714 3847 782 3935 vdie,
805 3871 834 3914 a.
853 3850 885 3924 ,ri
906 3853 991 3914 XIII.
1005 3851 1074 3917 Cal.
1089 3852 1200 3932 April,
1223 3852 1256 3913 in
1276 3852 1382 3914 lucem

240 3957 358 4021 editum
379 3976 465 4022 esse.
574 3981 577 3988 ·

321 4079 458 4143 Ovidius
471 4080 567 4164 igitur
577 4081 609 4144 in
621 4081 767 4144 exsilium
779 4080 944 4163 profectus
956 4089 1009 4145 est
1025 4082 1104 4146 aU.
1120 4080 1158 4145 C.
1174 4079 1379 4164 nccuxn„

239 4184 277 4249 G.
298 4186 452 4267 Poppaeo
471 4187 605 4272 Sabino,
628 4188 667 4268 Q.
689 4189 832 4272 Sulpicio
854 4189 1024 4253 Camerino
1047 4187 1162 4273 Coss,
1185 4197 1262 4271 post
1282 4188 1381 4253 Chri-

237 4299 323 4358 stum
350 4301 464 4384 natum¹
478 4295 547 4378 1x.,
569 4314 671 4360 annos
692 4307 787 4362 natus
807 4297 852 4376 II
867 4305 906 4358 ot
927 4297 1004 4361 Vlll
1025 4296 1151 4360 cnoiter
1171 4311 1312 4361 menses.
