3078 4912
396 271 400 278 ⁵
479 281 935 418 'rnonnsounun
1064 363 1068 370 ·
1276 343 1301 418 ι

215 528 285 588 lam
298 505 488 605 'videamus
512 539 574 604 quo
596 520 701 584 exsilii
715 538 798 588 anno
815 521 934 605 singuli
943 520 1012 586 libri
1022 521 1184 608 'l'ristium
1208 523 1300 590 oum

153 633 203 694 rei
224 649 346 694 caussa
367 630 421 692 illa
443 608 688 710 disputavimus,
710 628 775 689 sint
787 626 970 711 compositi3
990 649 1065 692 nam
1085 629 1214 694 diverso
1229 629 1301 694 edi·-

155 749 209 802 tos
231 747 375 818 tempore
394 734 594 817 Romamque
615 735 734 798 missos
756 753 847 818 esse,
871 753 943 798 oum
959 753 1000 798 ex
1018 735 1090 816 ipsa
1115 737 1236 802 ratione
1260 739 1301 802 li-

156 847 283 907 brorum
304 841 386 924 (vid.
406 844 434 926 I,
458 842 489 925 1,
513 841 574 926 11.‚
595 845 655 927 111,
679 843 710 926 1,
734 841 802 923 14.)
818 839 961 924 ducito,
984 850 1051 904 tum
1066 839 1195 908 disertis
1205 853 1301 926 poeta

30 993 40 1002 -
156 952 264 1013 verbis
285 952 358 1034 ipse
379 950 462 1014 dicit
504 948 581 1015 vid.
602 947 647 1032 V,
671 948 702 1032 1,
720 949 767 1032 ’1.,
789 950 816 1031 1,
842 948 893 1031 11,
918 948 1038 1033 1.,111,
1063 949 1091 1012 1.

236 1047 332 1120 Liber
352 1058 472 1139 primus
494 1053 635 1138 scriptus
656 1063 709 1118 est
728 1055 853 1138 inipso
874 1055 908 1118 in
929 1055 1076 1119 exsilium
1101 1055 1237 1135 itinere,
1270 1055 1302 1120 iol

154 1164 239 1249 quod
249 1184 313 1228 non
323 1166 460 1228 obscure
477 1165 549 1246 ipse
566 1162 775 1245 significavit.
805 1163 956 1245 Namque
973 1163 1005 1225 in
1020 1163 1161 1226 carmine
1177 1164 1280 1247 primo
1287 1209 1300 1249 ,

140 1271 239 1356 ‚quod
260 1272 389 1355 reliquis
410 1271 573 1336 confectis
592 1270 746 1352 scriptum
767 1277 801 1332 et
821 1270 915 1354 quasi
933 1263 992 1352 pro
1018 1271 1217 1352 praefatione
1239 1270 1301 1334 ad-

155 1379 254 1442 ditum
274 1388 346 1464 est,
376 1379 408 1442 in
428 1377 534 1442 medio
554 1397 593 1442 se
615 1395 656 1440 ea
676 1377 756 1439 mari
776 1394 818 1439 ac
839 1378 1086 1458 tempestatibus
1107 1396 1300 1460 componere

154 1488 258 1552 canit:

292 1603 418 1670 Carmina
433 1628 572 1668 secessum
586 1615 731 1668 scribentis
748 1618 778 1667 et
795 1613 851 1666 otia
866 1620 1011 1683 quaerunt,

322 1703 370 1778 lile
386 1712 474 1766 mare,
489 1711 532 1750 ma
549 1699 637 1764 ventl,
652 1712 696 1750 me
712 1701 775 1750 tera
790 1699 876 1759 lactat
892 1699 975 1750 biems
992 1722 1025 1735 -

155 1807 309 1898 (Scilicet
331 1812 483 1899 Ovidius,
512 1820 684 1898 postquam
711 1813 752 1876 ab
778 1813 872 1878 Italia
892 1834 951 1898 per
970 1791 1063 1879 mare¹
1080 1807 1301 1888 Hadriaticum

154 1922 187 1982 in
223 1919 395 1984 Graeciam
426 1921 600 2008 venisset,
649 1923 762 1984 relicta
800 1922 855 1983 illa
890 1923 967 1984 navi
1008 1935 1107 2008 super
1147 1925 1301 1988 Isthmum
1362 1957 1371 1973 ·

155 2028 342 2104 Cenchreas
352 2072 365 2112 ,
398 2029 532 2092 alterum
564 2029 709 2106 Corinthi
738 2037 863 2112 portum
891 2025 934 2093 a'd
961 2031 1065 2096 sinum
1098 2032 1299 2116 Saronicum,

153 2137 244 2217 petiit
265 2138 311 2198 alt
298 2144 462 2218 teramqne
488 2138 532 2201 ibi
559 2139 668 2202 navim
689 2137 900 2222 conscendit,
923 2157 986 2221 qua
1009 2157 1069 2220 per
1088 2139 1207 2202 multas
1229 2159 1300 2201 am·

153 2244 295 2325 bages
286 2261 319 2310 ιιι
345 2243 602 2310 Samothraciam
623 2244 749 2310 delatus
777 2255 849 2328 est,
882 2246 999 2328 ibique·
1009 2246 1104 2308 tertia
1123 2248 1200 2311 navi
1221 2265 1303 2310 con·

82 2393 84 2400 ,
153 2369 274 2414 scensa
294 2351 327 2412 in
348 2351 517 2413 'l’hraciam
538 2352 665 2414 traiecit
685 2359 719 2412 et
739 2352 893 2452 reliquum
913 2351 973 2412 iter
985 2353 1104 2414 'lomos
1125 2372 1183 2432 per
1197 2352 1302 2414 lbra·-
1334 2383 1355 2418 κ

156 2457 252 2518 ciam
259 2458 346 2517 terra
367 2457 541 2536 perfecit.)
583 2454 794 2518 Confirmant
819 2457 895 2520 111ιιι1
922 2457 985 2523 alia
1014 2458 1107 2520 huius
1134 2458 1205 2522 libri
1226 2477 1301 2524 car·

155 2563 252 2623 mina.
295 2559 435 2623 Carmen
457 2561 614 2626 decimum
635 2562 787 2644 scriptum
809 2565 918 2648 estin
942 2566 1047 2630 insula
1069 2566 1301 2630 Samothracia.

155 2666 221 2732 Vid
242 2670 275 2752 1,
307 2667 364 2752 10,
390 2669 442 2731 tl.
462 2689 553 2753 seqq.
585 2705 588 2710 ,
610 2669 794 2733 Secundum
822 2680 857 2734 et
883 2682 1027 2755 quartum
1050 2673 1083 2735 in
1103 2675 1182 2738 mari
1202 2675 1300 2737 Ionio.

153 2778 190 2838 ln
211 2774 379 2860 undecimo
398 2785 435 2840 et
455 2796 623 2861 supremo,
657 2777 742 2861 quod
770 2780 862 2861 quasi
879 2779 939 2864 ¹pro
963 2782 1101 2865 epilogo
1113 2785 1211 2846 totius
1232 2783 1302 2844 libri

154 2893 227 2968 est,
257 2902 414 2965 expresse
436 2885 513 2949 dicit
523 2929 534 2968 ,
567 2905 607 2950 se
628 2893 662 2948 et
682 2887 870 2969 ipsumhoc
890 2905 1020 2952 carmen
1041 2877 1244 2954 undecimum
1266 2897 1302 2952 et

152 2991 275 3074 reliqua
295 2991 390 3060 huius
411 2993 479 3056 libri
500 2992 606 3056 omnia
624 2993 658 3056 in
678 2994 758 3055 mari
779 2995 1032 3075 conscripsisse:
1093 3021 1096 3026 ·
1195 3043 1201 3056 .

286 3128 342 3176 Aut
358 3126 428 3176 hanc
444 3123 587 3189 (literam,
605 3126 633 3175 b.
650 3139 673 3176 e.
690 3125 795 3176 librum
806 3125 958 3191 primam)
974 3128 1066 3190 gelido
1083 3129 1229 3198 tremerem
1240 3137 1302 3174 cum

597 3247 606 3257 .
750 3221 842 3258 mense
852 3201 1007 3276 Decembri,
1086 3245 1089 3253 .

320 3293 490 3344 scribentem
504 3290 908 3360 nerrnmormvtceaqus,
1023 3313 1025 3321 ,
1124 3280 1129 3294 '

288 3375 343 3425 llut
359 3379 502 3437 postquam
519 3376 649 3425 bimarem
665 3387 748 3430 eursu
764 3378 951 3439 superavimus
968 3375 1101 3446 Isthmon,

322 3458 469 3520 Alteraque
486 3459 529 3508 est
545 3461 656 3507 nostrae
673 3461 761 3507 sumta
778 3459 873 3509 carina
889 3461 971 3523 lugete
988 3487 1011 3494 —
1039 3487 1070 3496 -
1088 3485 1121 3496 —-

289 3543 367 3592 Nunc
384 3553 490 3602 quoque
507 3533 630 3590 contenti
645 3539 764 3591 stridunt
780 3543 914 3604 Aquilone
930 3545 1072 3608 rudentes,

321 3625 405 3684 laque
421 3624 529 3674 modum
544 3623 640 3676 tumuli
657 3635 781 3682 concava
796 3623 886 3688 surgit
901 3619 979 3689 aqua
1090 3645 1091 3648 ¹

155 3734 262 3798 Recte
283 3735 379 3819 igitur
400 3738 570 3821 statuitur,
601 3738 712 3800 librum
733 3738 866 3820 primum
888 3738 919 3800 in
941 3738 1012 3820 ipso
1032 3738 1171 3820 itinere,
1204 3745 1300 3798 ante-

155 3861 250 3923 quam
271 3844 304 3905 in
324 3844 494 3908 'l'hraciam
524 3847 747 3930 pervenisset,
780 3845 960 3908 absolutum
986 3856 1084 3926 atque
1111 3862 1135 3903 e
1164 3841 1301 3904 'l'hracia

156 3951 294 4012 statim
285 3970 349 4012 ram
370 3961 445 4013 ante
466 3954 536 4014 eius
556 3951 761 4014 adventum
753 3973 784 4014 ιιι
805 3953 955 4034 Pontum,
981 3950 1176 4012 destinatum
1198 3949 1301 4010 exsilii

155 4057 272 4140 locum,
294 4056 434 4122 Romam
452 4061 585 4122 missum
606 4075 692 4122 esse.
1270 4072 1272 4076 ’

238 4163 360 4232 Verum
382 4163 445 4226 duo
465 4165 592 4225 suntin
612 4166 675 4227 hoc
701 4165 780 4224 libro
802 4163 880 4244 loci,
909 4159 961 4243 qui
982 4171 1065 4224 cum
1076 4183 1118 4226 es
1139 4119 1300 4228 sententia

153 4289 219 4334 non
241 4271 323 4336 satis
346 4289 524 4354 congruere
545 4269 705 4352 videntur,
728 4287 859 4352 quorum
880 4268 964 4352 prior
986 4271 1085 4364 estl,
1106 4270 1140 4355 5,
1162 4272 1225 4355 bb,
1248 4272 1301 4335 ubi
1354 4281 1356 4284 ’
