3078 4912
60 315 64 322 ’
232 348 378 434 invni·
632 351 961 452 ,rnnnnnnro
1056 307 1060 314 ’

230 561 300 637 que
335 538 421 613 huie
446 537 613 614 Venetae
647 539 772 612 rursus
803 537 917 612 valde
942 537 1080 612 similes
1107 544 1192 609 sunt
1210 535 1378 634 reliquae

230 670 320 741 vett.
344 649 430 737 edd.
458 653 597 738 saeculi
617 661 704 743 XV.
726 683 863 752 omnen,
880 669 1039 761 excepta
1051 647 1124 734 ona
1138 659 1374 734 Bononiensi.

305 783 475 864 Ceterum
508 791 602 861 inter
639 783 931 886 praestantiores
958 782 1169 858 numerandi
1200 781 1376 856 'l'ristium

231 908 384 1018 codices
405 911 580 986 videntur
605 907 826 985 Combianns
855 911 938 983 sive
966 905 1204 1000 Dresdensis,
1231 893 1376 980 Palati-

231 1035 298 1107 nus
323 1035 370 1126 I.,
397 1033 708 1130 Hamburgenni,
735 1030 938 1105 Vaticanus
954 1032 1004 1121 .I.,
1031 1028 1232 1120 Gothanus,
1257 1027 1381 1130 Guel-¹

187 1177 190 1190 ⁵
219 1157 471 1254 ,ferbytanus,
503 1155 710 1244 Puteanus,
736 1153 952 1245 Hennensis,
987 1153 1215 1228 Maffeianun.
1274 1151 1377 1228 Satis

233 1279 321 1352 boui
342 1272 489 1382 'quoque
514 1277 839 1368 Bersmannianu's,
860 1276 1123 1380 'Buslidianun
1149 1271 1377 1351 Francofur-

163 1447 167 1460 ι
230 1405 358 1500 tensis,
385 1402 578 1477 Mediceus
592 1401 652 1492 L,
681 1397 956 1501 Gottorpianuu,
982 1399 1189 1474 Vossianus
1211 1404 1295 1474 sive
1307 1423 1378 1474 ex·

235 1533 362 1626 cerpta
386 1525 508 1617 Vosii,
526 1521 810 1616 ‘Berolinensis,
841 1509 1218 1613 Pirckheimerianus,
1253 1521 1377 1597 Galli-
1514 1558 1515 1592 ι

223 1655 311 1756 cus,
338 1651 543 1724 Politianus
556 1650 598 1741 l,
624 1647 814 1721 Palatinos
835 1647 883 1721 Π.
933 1645 1059 1720 Valde
1081 1645 1286 1726 mediocres
1299 1645 1378 1723 lto-

233 1772 416 1862 landinus,
442 1766 595 1872 Regius,
619 1761 881 1870 segnorianus,
909 1768 1141 1862 Crevennae,
1167 1768 1377 1859 Leidensis,
1514 1811 1515 1826 ι

153 1931 156 1938 ·
229 1895 470 1987 Mucianus,
488 1883 494 1894 ⁸
511 1879 715 1971 Servianus
751 1905 790 1969 et
833 1896 1014 1968 lunianus.
1072 1895 1174 1968 luter
1196 1901 1273 1970 tot
1291 1889 1378 1966 illos
1514 1883 1515 1902 ¹

231 2017 454 2112 Heinsianos
492 2019 591 2094 haud
628 2018 738 2093 dubie
774 2019 880 2092 etiam
921 2018 1023 2091 multi
1044 2065 1048 2072 -
1068 2018 1133 2090 alii
1166 2020 1379 2114 integritate
1514 2101 1515 2118 χ

233 2142 442 2222 excellunt.¹
496 2143 634 2218 Verum
665 2143 831 2242 plerique
866 2154 934 2215 tam
967 2164 1052 2215 raro
1083 2125 1303 2232 laudantur,
1338 2148 1377 2213 ut

89 2329 90 2340 ,
230 2268 373 2340 etiamsi
399 2271 435 2340 in
460 2270 588 2369 paucis
619 2291 699 2344 cum
734 2268 878 2365 optimis
903 2255 1008 2339 libris
1035 2268 1283 2356 consentiant,
1310 2237 1379 2337 'ta-

231 2413 313 2464 men
336 2394 374 2464 in
399 2394 609 2468 universum
635 2373 683 2466 de
709 2413 833 2466 eorum
860 2373 1022 2482 bonitate
1054 2409 1099 2463 ac
1124 2387 1199 2461 fide
1224 2382 1378 2474 iudicari

232 2515 374 2610 minime
398 2519 526 2613 possit.
638 2501 642 2508 ⁴
728 2506 730 2514 ’
995 2507 999 2517 ’
1094 2527 1096 2535 “
1248 2521 1284 2538 ”
1515 2595 1516 2612 .

285 2634 569 2732 *Deveteribus
584 2638 818 2729 editionibus,
845 2657 993 2736 quarum
1005 2619 1139 2711 multae
1160 2638 1379 2736 inpromptu
1515 2621 1516 2700 i

232 2757 390 2850 fuerunt,
417 2763 562 2833 nonnisi
586 2764 773 2835 variantes
798 2759 857 2833 IX
882 2759 1079 2834 editionum
1110 2759 1250 2834 saeculi
1266 2758 1376 2849 'XV.,
1515 2837 1516 2854 χ

234 2905 327 2980 quae
352 2893 436 2957 ante
450 2893 666 2958 memoratae
689 2892 784 2976 sunt,
810 2887 847 2957 in
871 2888 1125 2962 commentario
1138 2887 1264 2958 nostro
1288 2905 1378 2982 pro·

234 2985 429 3106 posuimus.
493 3009 661 3106 Namque
695 3008 922 3105 diligentiori
953 3031 1076 3083 earum
1108 3010 1379 3108 comparatione

233 3139 342 3229 atque
367 3136 599 3234 inspectione
625 3135 877 3230 cognovimus,
903 3130 990 3206 inde
1015 3134 1061 3206 ab
1076 3132 1218 3206 Aldina
1242 3123 1273 3205 Ι.
1301 3117 1378 3205 dm-

146 3337 148 3341 ,
233 3277 301 3328 nes
326 3255 477 3328 exiliis
503 3256 730 3360 descriptas,
765 3263 802 3330 et
826 3256 946 3330 sicubi
973 3256 1195 3358 discrepent,
1217 3256 1267 3330 ab
1295 3254 1377 3329 edi-

164 3403 167 3408 ⁴
232 3377 373 3474 toribus
407 3387 590 3477 utcunque
622 3388 731 3478 atque
764 3383 906 3454 incerta
940 3384 1157 3455 auctoritate
1183 3371 1379 3453 vetustatis

233 3524 318 3592 esse
343 3502 565 3594 emendatas,
591 3506 714 3601 itaque
726 3529 851 3604 parum
877 3504 924 3578 ad
948 3511 1086 3578 textum
1112 3525 1216 3608 quem
1241 3504 1388 3578 vocant

234 3626 524 3726 constituendum
549 3627 724 3728 ponderis
749 3636 857 3725 atque
870 3631 1038 3702 momenti
1050 3626 1197 3701 habere.
1244 3627 1379 3725 Neque

233 3752 336 3848 ipsae
362 3748 451 3823 illae
478 3750 660 3825 editiones
692 3751 833 3860 saeculi
858 3749 945 3824 XV.
971 3773 1096 3828 omnes
1129 3750 1377 3848 esingulari-
1492 3787 1496 3798 ,

232 3875 300 3949 bus
327 3872 517 3949 codicibus
554 3897 716 3952 excusae
748 3897 832 3949 esse
868 3873 1052 3950 videntur.
1082 3935 1084 3942 .
1111 3877 1300 3950 Romaest
1331 3872 1379 3946 de

232 4024 304 4096 qua
328 3983 413 4073 ante
438 4003 636 4075 memoravi
658 3998 774 4073 editio
786 4001 968 4098 princeps.
1018 4000 1078 4073 De
1091 4000 1187 4072 VIII
1212 3997 1378 4094 reliquis,

137 4211 140 4216 A
201 4121 204 4126 ’
233 4145 325 4220 quae
352 4131 388 4196 et
423 4128 524 4225 ipsae
560 4124 682 4199 bonae
713 4128 809 4214 sunt,
827 4177 828 4183 η
845 4137 917 4196 una
950 4123 1176 4198 Bononiensi
1207 4127 1377 4219 excepta,

234 4248 294 4344 qui
320 4271 424 4324 unam
450 4253 558 4340 norit,
585 4269 701 4348 prope
725 4269 850 4328 omnes
876 4250 981 4321 norit.
1033 4246 1200 4345 Namque
1209 4244 1377 4320 inrebus

232 4371 430 4472 plerisque,
457 4371 557 4472 quod
582 4370 771 4452 detribus
796 4361 883 4461 illis,
911 4393 1003 4471 quae
1029 4399 1051 4444 a
1073 4369 1378 4447 BonoAccursio
