3048 4882
504 229 601 352 nm.
627 277 695 353 ιιι.
733 277 886 354 nnnc.
911 281 961 356 x.

157 449 293 552 Molle,
322 454 542 558 Cupidineis
567 481 637 536 nec
661 463 949 561 inexpugnabile
973 465 1059 538 telis

1235 291 1308 365 423

1259 471 1308 546 65

164 625 166 629 v
205 579 285 660 Cor
309 580 407 674 mihi,
435 582 607 682 quodque
630 584 729 658 levis
756 605 869 658 causo
893 597 1072 686 moveret,
1099 599 1188 665 erat.

62 741 64 748 ⁴
157 704 251 784 Cum
277 714 398 780 tamen
420 705 485 781 hio
510 728 643 798 essem,
669 709 886 806 minimoque
911 711 1139 787 accenderer
1163 717 1262 812 igne,

168 931 173 939 Ι
203 831 368 905 Nomine
390 830 462 904 sub
488 837 617 905 nostro
642 830 771 905 fabula
795 833 898 907 nulla
925 834 1005 909 fuit.

116 1053 119 1058 Ι
154 943 282 1052 Peene
306 953 393 1026 mihi
418 975 534 1053 puero
560 976 631 1028 uec
657 953 770 1054 digus
794 979 865 1032 neo
889 959 991 1032 utilis
1017 983 1113 1034 uxor

205 1075 277 1152 lust
302 1077 402 1169 datu,
430 1099 524 1177 quse
549 1085 691 1178 tempus
716 1081 926 1180 perbreve
951 1092 1063 1183 nupta
1088 1084 1167 1162 fuit
1257 1090 1306 1164 io

157 1200 221 1274 llli
246 1203 429 1276 successit
454 1205 632 1301 quamvis
645 1203 725 1279 sine
751 1207 902 1279 crimino
928 1211 1076 1302 coniux,

203 1323 295 1401 Non
321 1333 440 1400 tamen
465 1327 656 1410 innostro
681 1327 784 1404 firmo
807 1328 930 1404 futura
954 1337 1047 1406 toro.

154 1581 228 1645 cut,
244 1582 290 1632 Vi
305 1579 351 1631 ulii
367 1581 472 1649 licius,
489 1570 580 1635 Berol.
602 1530 706 1638 epm.

154 1663 233 1714 tunc.
269 1665 330 1728 seg.
348 1677 365 1714 s
382 1665 405 1715 1.
422 1679 457 1715 m.
474 1665 617 1720 enatura.

189 1781 230 1830 65.
255 1779 352 1830 Mulie.
386 1781 464 1854 Pont
482 1784 507 1847 1,
524 1783 609 1847 8,·12.

203 1889 320 1934 Confiteor
336 1869 421 1949 misero
438 1893 508 1936 mulie
525 1904 566 1936 cue
578 1903 630 1938 esse
643 1894 704 1938 mihi.

156 1995 327 2048 concussi.
345 1997 404 2061 iv,
424 1997 449 2047 i.
470 2024 504 2036 -
526 1997 600 2048 Busi.
622 1999 707 2062 atquc

153 2078 352 2149 impuqnats'ie.
386 2080 449 2130 vin.
464 2082 497 2130 ad
510 2082 534 2144 1,
546 2085 573 2148 i,
585 2083 627 2132 28.
647 2084 705 2132 Ne·

153 2179 205 2231 qne
238 2162 404 2216 vocobulum
439 2161 606 2225 cupidineus
641 2171 705 2218 ente

154 2253 292 2302 Nasonem
309 2246 460 2310 reperitur,
477 2249 506 2301 et
522 2249 556 2297 sb
573 2261 607 2298 eo
622 2249 705 2312 poete

155 2329 264 2383 videtur
282 2331 421 2380 novatum.
488 2353 493 2359 ·

149 2437 153 2452 ’
186 2449 228 2514 ⁶⁷.-
254 2445 309 2496 Hic
326 2459 421 2495 essem.
455 2445 503 2496 Sic
519 2447 577 2497 Pul.
596 2446 618 2497 1.
631 2449 705 2513 eti„

155 2531 250 2593 Gall,
283 2531 365 2593 Reg.,
397 2531 473 2594 lum,
507 2527 594 2594 luein,
616 2531 705 2580 xuni

142 2615 248 2664 Heius.
272 2615 300 2661 et
322 2613 437 2660 eiusdem
460 2611 520 2660 edd.
544 2625 607 2676 pu.,·
623 2612 704 2664 Creu.

155 2700 184 2749 et
201 2693 269 2747 ‘vett
287 2696 346 2744 edd.
364 2699 474 2757 praeter
491 2697 611 2760 Bonon,
636 2710 705 2758 quae

132 2773 294 2844 'sculptura
312 2781 388 2826 certe
405 2777 495 2840 aptior
513 2779 541 2826 et
551 2778 705 2841 elegantior

156 2867 207 2930 est,
225 2856 304 2926 quum
321 2861 490 2922 reliquorum
502 2863 580 2910 codd.
591 2859 644 2909 inc
660 2873 705 2909 es-

155 2957 219 2994 sem.
236 2970 271 2982 —
287 2947 346 2993 Put.
364 2941 417 2991 icoc
434 2944 520 3006 esset,
543 2955 598 2992 nou
621 2941 705 3006 maie,

154 3032 230 3076 certe
247 3027 346 3074 melius
363 3025 479 3087 vulgata
495 3025 546 3073 loc
557 3037 652 3074 essem.
670 3050 704 3060 -

153 3111 226 3160 iiusl.
244 3103 292 3156 liic
310 3105 390 3154 esset.
429 3109 495 3156 xiii
512 3107 614 3170 Heius,
638 3111 702 3174 seg.

153 3195 182 3242 et
199 3191 282 3241 (ioth.
297 3186 448 3249 nimioque.
473 3190 550 3238 idem
562 3192 630 3239 vett.
645 3194 704 3242 edd.

155 3274 230 3324 Gall.
248 3270 409 3331 munitioque.
562 3335 564 3340 Ι

189 3356 244 3404 Pro
268 3349 332 3414 ique
354 3350 481 3402 Heinsius
505 3362 540 3400 ex
564 3361 617 3398 unc
633 3351 705 3401 iict-

153 3438 239 3501 tnnd.,
258 3435 304 3485 cui
320 3433 429 3484 accedit
445 3436 542 3484 Dresd.
560 3429 620 3483 cum
637 3437 706 3484 vett.

152 3523 233 3585 edu,
267 3518 374 3568 induxit
403 3515 477 3581 iqui·
518 3519 578 3570 siue
606 3521 706 3570 idoneo

154 3616 267 3668 caussa,
294 3604 324 3650 ut
351 3601 475 3664 pluribus
503 3601 644 3650 docuimus
671 3604 705 3650 ad

154 3689 219 3736 ileu.
237 3686 293 3749 IV,
320 3685 360 3733 13.
382 3684 469 3737 'Nom
485 3685 622 3748 syllabam
639 3686 706 3735 bre-

93 3777 94 3781 ’
155 3781 217 3818 vem
235 3768 261 3815 iu
279 3767 332 3816 flue
353 3767 504 3817 hexametri
525 3768 706 3832 nuuc,1iost-

104 3837 111 3845 *
154 3862 234 3914 quum
252 3861 315 3899 usus
332 3849 590 3912 politanum'melius
608 3850 705 3912 cogni-

156 3938 200 3983 tus
229 3937 289 3998 est,
321 3945 400 3982 ncmo
427 3933 543 3997 amplius
577 3934 706 3984 instidiet.

156 4016 237 4068 oonf.
253 4019 297 4081 v,
319 4016 367 4081 ii,
391 4016 431 4066 ιι.
449 4016 506 4081 m,
530 4017 571 4077 v,
591 4004 634 4078 is,
652 4013 705 4088 sn,

153 4101 193 4163 V,
212 4099 254 4162 12,
272 4101 311 4150 ti.
329 4104 357 4152 st
374 4101 429 4150 viu.
446 4102 503 4151 not.
520 4101 555 4149 mi
572 4102 639 4150 Met.
656 4101 706 4165 xi,

152 4185 210 4236 163.

184 4302 227 4351 68.
252 4269 377 4364 Fistula,
394 4301 465 4363 quod
478 4299 548 4350 clius
558 4297 707 4362 elegiarum

756 1587 878 1649 scriptor
894 1583 1045 1636 historiam
1066 1589 1205 1656 appellat,
1230 1585 1305 1643 Nasu

755 1681 841 1732 ssspe
869 1671 902 1719 de
927 1681 1054 1721 sermone
1082 1671 1192 1734 publico
1218 1675 1251 1722 de
1274 1686 1306 1725 ro

756 1752 892 1814 impunius
917 1764 952 1802 nc
974 1753 1047 1816 turpi
1069 1757 1191 1816 usurpat.
1239 1758 1305 1806 Met.

757 1835 790 1885 de
811 1835 980 1899 amplexibus
1001 1837 1100 1887 Mortis
1122 1848 1157 1886 ec
1174 1837 1304 1888 Veneris:

804 1971 1019 1980 ------
1036 1947 1113 2001 superi
1127 1947 1207 1999 risere,
1221 1945 1305 2002 diuque

804 2013 868 2058 llaec
894 2013 938 2057 mit
962 2014 986 2057 iu
1013 2013 1206 2124 toittooppptissims
1228 2013 1305 2058 isbuls

755 2168 849 2217 Amor.
866 2169 919 2232 111,
937 2168 964 2232 i,
982 2167 1022 2215 21.

803 2292 898 2345 Fshulu,
912 2292 968 2342 (nee
985 2289 1151 2397 seniisfipbiotu
1167 2287 1260 2331 iactans
1279 2288 1304 2330 iu

1071 2367 1081 2396 r
1098 2367 1118 2397 e.

755 2462 818 2514 Viti.
834 2462 891 2512 uin.
909 2464 938 2525 i,
963 2460 997 2523 i,
1019 2461 1077 2522 83„
1102 2458 1253 2508 niitscucri
1270 2458 1305 2507 ad

755 2548 823 2596 lior.
848 2545 935 2608 lipod.
956 2546 1011 2608 xi,
1040 2544 1065 2593 8.
1087 2545 1115 2592 et
1134 2545 1247 2606 liupert.
1269 2539 1304 2592 ud

756 2633 815 2680 lus.
832 2631 930 2693 sotei,
948 2629 1005 2678 llo.
1022 2654 1054 2663 -
1071 2629 1112 2678 De
1127 2626 1246 2677 Nasonis
1260 2626 1305 2675 in-

756 2711 888 2774 tegritate
909 2723 1014 2762 morum
1030 2712 1084 2762 visi.
1102 2714 1158 2762 uot.
1175 2712 1211 2760 ad
1231 2713 1256 2775 1,'
1276 2711 1304 2774 o,

756 2796 797 2846 6⁰.

788 2925 828 2974 69.
854 2924 949 2975 Paene
973 2924 1042 2974 miii
1067 2937 1166 2988 puero.
1212 2923 1304 2987 Quoto

754 3006 1007 3070 anno‚uonliquct:
1024 3011 1052 3054 nt
1064 3005 1131 3053 ilino
1149 3007 1241 3052 notum
1251 3006 1305 3066 est,

754 3091 826 3149 apuu
847 3090 984 3138 Romanos
1008 3087 1100 3148 pueris
1125 3085 1192 3133 XIV
1215 3096 1304 3134 suno·
1368 3149 1373 3160 Ι

755 3184 814 3220 rum
836 3174 864 3219 et
886 3171 985 3232 puellis
1011 3170 1064 3217 xii
1087 3168 1212 3225 (iustum)
1235 3158 1305 3217 inire

757 3253 955 3302 matrimonium
987 3264 1038 3316 per
1071 3251 1149 3314 leges
1184 3249 1305 3300 licuisse.

754 3337 878 3386 Muci-ob.
895 3337 1006 3386 saturn.
1022 3338 1043 3385 1.
1054 3349 1077 3386 c.
1087 3335 1110 3384 9.
1145 3335 1306 3384 Psenmau-

753 3421 809 3468 tem
827 3420 941 3469 honeste
956 3420 1040 3483 positu
1052 3420 1174 3483 loquitur
1186 3421 1221 3469 de
1235 3433 1305 3469 uxo-

754 3514 786 3551 re
802 3516 854 3552 sun
869 3515 903 3553 se
920 3504 1003 3554 rebus
1026 3503 1188 3554 domesticis.
1204 3505 1305 3554 -l’ro

753 3597 809 3645 per
826 3585 911 3636 treve
925 3588 1018 3650 uulgo
1039 3587 1142 3649 legitur
1156 3585 1305 3648 perbreve,

756 3671 804 3718 sed
822 3673 888 3720 vett.
904 3671 968 3721 libri
984 3681 1045 3731 per·
1060 3669 1144 3718 breve
1163 3670 1234 3731 quod
1251 3679 1303 3727 po-

756 3751 845 3801 liticae
858 3753 976 3802 orationi
989 3749 1074 3816 m'ugis
1086 3753 1304 3802 cousentaneum.
1321 3757 1323 3762 ·

756 3859 789 3868 -
806 3837 877 3900 lum,
893 3839 965 3886 Mur.
983 3839 1011 3887 et
1031 3837 1057 3883 li
1076 3833 1122 3881 slii
1141 3831 1230 3880 Heius.
1246 3838 1304 3888 per

756 3918 866 3984 tempus
883 3931 954 3983 quae
971 3917 1062 3966 breue.
1096 3913 1170 3962 Gott.
1185 3913 1213 3958 et
1226 3910 1304 3960 Rich.

754 4002 825 4063 post
840 3999 931 4049 breve.

789 4131 828 4180 71.
856 4124 989 4190 Quamvis
1005 4123 1065 4173 siue
1084 4119 1212 4176 'crimine
1248 4133 1305 4180 iun.

756 4211 864 4278 picenus.
898 4210 959 4260 viu.
978 4209 1016 4271 ll,
1035 4207 1091 4257 iio.
1108 4230 1141 4242 —a
1154 4211 1189 4259 V.
1206 4212 1247 4262 72.
1265 4215 1306 4264 111

758 4297 848 4348 Heius.
866 4292 1036 4344 peccamen.
1074 4291 1137 4358 seg.
1155 4292 1306 4370 dimensu-
