3078 4912
486 351 490 360 ’
568 373 883 501 nnluunnro..
1166 365 1301 520 'xxm

150 588 323 668 inductas
349 609 468 664 novas
489 588 691 688 scripturas
712 585 908 684 plerasque
933 585 1303 685 quasitumultuarias

102 688 104 697 ¹
149 721 262 810 atque
289 710 421 788 dubias
447 732 551 812 esse,
574 712 776 808 partiruque
797 731 919 782 ,meras
945 693 1184 802 coniecturas,
1211 735 1302 809 quas

154 837 412 932 integerrimae
461 833 625 908 Nasonis
651 815 856 932 scripturae
890 855 1137 933 praepropere
1164 860 1301 936 suppo·
1371 865 1376 872 ·

127 961 290 1049 suerit,
305 961 434 1057 partim
454 981 476 1030 e
500 957 691 1051 codicibus
714 955 849 1046 multis,
876 960 1016 1056 paucis,
1044 955 1301 1049 mediocribus,
1370 993 1373 998 ·

153 1077 333 1182 pessimis,
359 1081 574 1186 plerumque
591 1085 681 1156 sine
706 1083 849 1155 ratione
875 1103 960 1156 esse
987 1082 1185 1172 conflatas,
1212 1105 1304 1179 quae

152 1213 226 1280 non
249 1205 369 1280 solum
390 1209 618 1306 optimorum
640 1229 861 1306 quorumque
882 1203 1049 1280 codicum
1075 1230 1182 1278 manu
1207 1208 1303 1280 scri*
1328 1286 1331 1296 Ἰ

141 1331 297 1430 'ptornrn
320 1321 537 1422 consensui,
553 1329 633 1422 ,sed
657 1333 764 1406 etiam
799 1333 943 1429 optimis
977 1329 1168 1404 veteribus
1203 1329 1301 1422 edd,
1344 1331 1347 1338 ’

151 1461 191 1528 et
209 1449 394 1553 ‘persaepe
420 1459 528 1528 etiam
553 1433 686 1528 rationi
711 1457 917 1528 sententiae
939 1457 1185 1552 orationisque
1211 1477 1302 1528 con-

154 1559 275 1650 textui
300 1584 515 1674 repugnent
561 1631 563 1637 ,
708 1599 716 1610 ·

152 1770 155 1780 ,
228 1697 311 1794 Sed
324 1708 375 1790 ut
399 1722 459 1808 eo,
484 1699 581 1776 unde
605 1702 678 1783 huc
703 1702 916 1807 declinavit,
945 1707 1146 1777 revocetur·
1169 1705 1300 1792 oratio,

155 1809 398 1920 degentibus
425 1847 470 1906 ac
495 1827 672 1922 singulari
695 1831 914 1931 cognatione
942 1827 1112 1926 codicum
1135 1826 1303 1926 equidem
1402 1885 1407 1896 .

154 1934 267 2056 longa
291 1969 417 2022 eorum
443 1940 622 2045 tractione
649 1950 740 2024 nihil
764 1950 846 2024 fere
876 1941 977 2024 aliud
1002 1975 1072 2050 pro
1098 1959 1210 2038 certo,
1234 1973 1303 2024 exa

73 2087 78 2100 ¹
114 2067 116 2072 ’
157 2055 307 2170 plorare
337 2076 466 2171 potui,
496 2076 576 2160 nisi
601 2057 753 2148 codices
776 2073 996 2150 ‘Vaticanum
1022 2075 1072 2165 I.,
1097 2073 1302 2174 Pplatinum
1365 2103 1373 2160 χ

157 2197 206 2268 11.
231 2200 316 2294 [qui
343 2203 401 2268 est
425 2197 572 2288 Halmii
595 2187 788 2296 Palatinus
812 2200 881 2291 L),
908 2208 1097 2296 utrumque
1129 2197 1305 2271 Politiani

154 2319 413 2395 etMediceum
438 2321 625 2396 nonnullis
647 2326 684 2394 in
709 2321 805 2396 locis
829 2323 1305 2418 gravioribusconspirare.
1439 2369 1441 2375 ,

154 2443 408 2517 Berolinensis
440 2452 479 2516 et
502 2445 862 2545 Piroklreimerianus
900 2449 936 2518 in
971 2468 1016 2516 eo
1047 2434 1184 2516 similes
1211 2447 1305 2532 suut,

148 2565 259 2661 ,quod
298 2559 427 2636 eadem
460 2574 677 2666 argumenta
705 2569 788 2640 sive
824 2569 1017 2668 carminum
1050 2591 1226 2656 summas,
1256 2589 1305 2640 ex

84 2774 91 2788 .
160 2711 232 2760 uno
260 2685 448 2761 versiculo
475 2695 703 2781 constantes,
741 2692 936 2764 continent.
988 2691 1159 2789 Magnam
1185 2699 1304 2764 autem

156 2811 428 2887 similitudinem
446 2811 592 2903 habent,
621 2819 789 2910 quesitum
813 2814 958 2911 quidem
984 2839 1005 2888 e
1033 2815 1304 2904 collationibus,
1416 2829 1421 2836 '

157 2929 286 3025 qualos
313 2954 362 3006 ex
374 2923 520 3009 Heinsii
545 2935 693 3037 schedis
719 2937 960 3036 possidemus,
988 2938 1144 3012 iudicari
1169 2945 1304 3039 potest,

157 3052 347 3130 Palatinus
381 3057 410 3130 Ι.
442 3063 479 3164 et
513 3045 627 3133 editio
653 3064 842 3160 princeps,
881 3085 980 3166 quae
999 3059 1199 3150 similitudo
1226 3083 1306 3154 cunr
1346 3045 1372 3137 s

157 3177 195 3248 in
217 3175 369 3282 reliquis
382 3180 558 3257 Tristium
573 3183 686 3258 libris
713 3185 876 3270 omnibus
902 3186 1074 3272 cernitur,
1102 3189 1176 3252 turn
1188 3182 1305 3256 maxi-'-

161 3289 276 3399 mein
297 3301 393 3376 libro
419 3304 480 3394 11,
507 3307 545 3378 in
572 3329 642 3405 quo
655 3299 800 3379 nonnisi
825 3309 863 3380 in
889 3305 1031 3380 duobus
1055 3303 1151 3402 locis
1177 3305 1305 3383 diver·
1412 3383 1414 3385 ,

157 3448 223 3496 sas
248 3450 271 3498 a
295 3449 337 3500 se
362 3430 521 3502 invicem
545 3436 655 3527 atque
674 3429 880 3530 pugnantes
900 3433 1100 3530 scripturas
1115 3429 1321 3522 exhibent,
1438 3489 1442 3498 .

159 3552 259 3622 etin
285 3549 471 3649 plerisque
497 3553 737 3628 varietatibus
769 3537 1031 3655 omnibus'vel·
1049 3558 1087 3626 in
1112 3555 1176 3646 iis,
1214 3537 1322 3652 quae

72 3761 77 3768 Ι
157 3673 369 3770 singulares
391 3682 428 3748 et
453 3657 712 3780 insolentiores
739 3685 847 3782 sumt,
861 3683 951 3753 mire
965 3665 1166 3778 oonpirant.
1209 3677 1305 3751 vid.
1341 3687 1346 3698 '

159 3798 208 3888 11,
235 3799 294 3872 65.
319 3797 379 3872 80.
404 3798 463 3874 85.
488 3805 555 3876 99.
581 3803 665 3878 100.
689 3801 1198 3909 113.118.1138.147.153.
1222 3801 1306 3902 158.
1414 3883 1421 3902 ,

118 3971 123 3978 -
163 3922 369 4000 160170.
405 3925 489 4000 208.
524 3925 608 4002 200.
642 3925 725 4000 237.
747 3926 845 4001 238.
879 3927 964 4001 268.
988 3926 1087 4000 273.
1113 3925 1197 3997 278.
1224 3924 1307 4002 282.

161 4044 246 4120 364.
281 4047 364 4146 305.
400 4049 485 4125 300.
521 4038 723 4126 321378.
755 4050 840 4148 385.
872 4049 957 4121 420.
989 4046 1073 4121 403.
1102 4043 1184 4140 472.
1211 4049 1307 4124 498.

161 4169 246 4246 aas,
273 4171 357 4246 sao.
409 4149 992 4274 suminam--mnrquenansm
1017 4171 1046 4243 1.
1074 4178 1111 4244 c
1126 4163 1308 4250 'emtionis
1422 4219 1423 4224 ι
1496 4219 1518 4244 -,

161 4294 256 4368 Veo.
283 4322 315 4368 a.
341 4293 452 4384 1486,
478 4285 600 4392 itaque
623 4298 731 4367 etiam
748 4294 855 4366 huius
878 4273 915 4367 et
936 4292 1108 4371 editionis
1120 4301 1308 4398 principi,
1345 4285 1354 4330 ³

158 4418 354 4495 nranifesta
379 4427 437 4494 est
463 4435 511 4492 ex
537 4420 593 4510 iis,
622 4441 715 4516 quae
740 4445 850 4521 supra
877 4415 1063 4532 disputata
1088 4431 1181 4514 suut
1233 4420 1307 4509 At·¹
