3006 4890
465 341 562 418 um.
589 315 657 454 ur.⁸
694 340 853 416 nuno.
872 341 901 414 1.
927 451 929 456 ι

1102 317 1104 322 ’
1185 341 1263 426 teo

108 521 175 602 Me
200 528 381 617 miserum,
407 546 614 623 vereorque
640 524 761 598 locum
784 543 991 620 vereorque
1016 529 1210 622 potentem,

157 649 210 723 let
234 650 394 746 quatitur
418 645 563 747 trepido
589 648 699 721 litera
723 654 850 722 nostra
874 653 981 720 metu.
1246 637 1250 644 ¹

107 773 289 873 Adspicis
317 774 497 868 exsangui
524 771 684 845 chartam
709 771 852 870 pallere
879 770 1028 862 colore3

1212 769 1261 854 55.

161 895 340 996 Adspicis
365 894 528 969 alternos
554 891 956 992 intremuissepedes‘i

105 1019 429 1128 Quandocumque,
455 1039 600 1117 precor,
627 1023 753 1095 nostro
778 1016 927 1116 placata
951 1019 1094 1116 parenti

158 1142 281 1217 Isdem
306 1140 372 1215 sub
400 1139 554 1215 dominis
579 1139 787 1250 adspiciare
810 1139 961 1226 domus!

106 1371 152 1419 Ac
169 1365 308 1428 scriptura
323 1363 398 1414 iacet
411 1363 541 1414 afflictae
558 1366 660 1416 exsulis

105 1448 260 1502 conditioni
290 1447 521 1506 accommodatior
541 1448 660 1498 uidetur.

106 1535 165 1585 Sed
193 1535 282 1582 tamen
304 1528 519 1592 repugnantibus
541 1527 662 1581 vett-'ll-

104 1615 167 1666 bris
191 1611 230 1664 nil
255 1622 356 1662 censeo
382 1611 548 1667 mutandum.
573 1637 608 1648 ..,
627 1614 661 1663 V.

30 1685 32 1692 ’
103 1698 150 1748 sr.
174 1691 401 1756 rn.r.tapua.
492 1709 495 1718 Δ
599 1693 603 1702 ’

142 1796 183 1845 52.
210 1793 317 1844 Error.
349 1793 413 1844 Vld.
431 1795 466 1843 ad
482 1796 506 1859 1,
525 1793 552 1857 2,
570 1785 610 1842 99.

799 1358 931 1414 Territaque
945 1362 981 1402 est
1000 1347 1083 1410 lorma‚'
1109 1359 1188 1402 territa
1201 1367 1258 1404 voce

1009 1435 1059 1467 sna.

713 1528 792 1580 Confi
809 1527 890 1579 Trist.
908 1530 948 1591 11,
970 1529 1008 1578 95.
1027 1527 1080 1590 td,
1093 1529 1131 1591 V,
1148 1529 1191 1593 12,
1208 1531 1260 1590 id,

711 1614 805 1662 Amor.
826 1615 864 1674 11,
880 1611 908 1674 8,
926 1610 979 1674 19,
995 1612 1153 1674 mcxlv,
1170 1611 1211 1661 51.

746 1709 892 1782 Potentem
910 1710 1038 1759 universe
1054 1722 1122 1772 pro:
1140 1708 1188 1774 oni
1204 1722 1260 1772 po·
1344 1753 1348 1758 .

710 1793 839 1843 testatem
856 1791 941 1844 tabet
956 1789 985 1842 et
999 1789 1159 1854 imperinm.
1190 1791 1258 1841 lter.

143 1895 184 1944 53.
213 1883 375 1956 Vereorque
389 1877 492 1956 locum,
503 1903 661 1956 vereorque
708 1879 746 1943 Vr
763 1877 803 1926 85·

102 1975 260 2040 potentem.
303 1977 398 2040 Seru,
420 1978 478 2026 Pol.
497 1976 519 2026 1.
524 2010 536 2042 ,
561 1977 617 2029 Pal.
634 1976 660 2024 2.

106 2061 140 2107 et
156 2060 198 2108 111
215 2058 264 2108 alii
281 2058 659 2122 Heinsiivenerorque—-oe-

104 2150 260 2202 nerorquc.
294 2143 378 2192 Male.
411 2145 559 2206 Perperam
578 2142 659 2192 etiam

104 2224 236 2274 Heinsius
253 2237 288 2274 ex
306 2224 433 2274 unovat.
450 2225 524 2274 dedit
539 2235 660 2294 cereor-

105 2316 391 2368 que-veuerorque.
424 2307 493 2357 Dedi
502 2307 661 2357 cumomni-

103 2388 161 2438 bus
182 2401 272 2452 prope
296 2389 374 2438 codd.
400 2389 428 2436 et
450 2390 517 2438 vett.
530 2391 593 2456 edd.
610 2401 661 2438 ce-

102 2480 457 2542 reorum-vereorque,
492 2481 560 2530 quac
590 2459 662 2519 scri-

102 2555 197 2616 ptura
213 2556 242 2600 et
258 2562 310 2613 per
326 2561 358 2599 se
369 2551 496 2612 optimum
505 2551 586 2601 habet
597 2563 662 2602 sen-

99 2646 180 2697 sum,
204 2635 232 2682 et
258 2645 343 2682 versu
367 2620 541 2704 subsepneuti
559 2634 662 2686 confir-

102 2718 209 2770 metur.
249 2715 324 2766 Nihil
341 2720 432 2766 autem
448 2717 597 2768 huiusmodi
614 2729 661 2766 re-

105 2797 287 2862 petitionibus
304 2799 376 2860 apud
390 2799 531 2861 elegorum
541 2799 661 2862 scripto-

105 2893 166 2945 res,
181 2885 209 2931 et
218 2879 347 2942 imprimis
360 2883 432 2942 apud
441 2881 590 2948 Nasonem,
600 2885 660 2934 trc-

108 2961 242 3028 quentius.
277 2963 474 3028 nrlstv,1t‚
495 2964 533 3014 17.

158 3055 190 3099 ut
215 3055 309 3100 ventam
333 3057 430 3112 patrico,
456 3058 550 3112 veniam
574 3058 659 3104 oblivis

221 3123 224 3128 '
408 3122 488 3165 nostri.

108 3175 147 3240 v,
165 3173 193 3239 e,
210 3177 235 3225 s.

157 3287 273 3342 Lassaque
298 3285 361 3331 lacte
387 3285 453 3361 mari,
476 3286 582 3342 lassaque
599 3286 661 3332 lacte

409 3363 455 3394 vra.

107 3377 311 3472 summ

157 3517 264 3562 Possidet
276 3519 300 3562 et
313 3522 387 3561 terras
408 3521 431 3560 et
444 3517 547 3574 possidet
559 3528 659 3573 aequora

109 3613 150 3703 n,
167 3638 225 3690 m·
411 3585 494 3628 Hunos.

146 3744 249 3806 'ovaque
267 3754 391 3804 sumentur,
409 3741 527 3794 sumantur
541 3747 658 3807 Hymettia

406 3819 483 3860 meua.

105 3871 174 3919 ltlet.
190 3868 244 3933 Ἦ,
262 3870 302 3921 te.

156 3979 188 4024 At
201 3980 244 4024 sibi
259 3981 297 4023 dat
310 3982 421 4037 elypeum,
435 3983 474 4026 dat
486 3988 567 4028 ecutae
581 3955 658 4040 cuspi-

408 4045 443 4092 dis
456 4049 553 4092 lusum.

103 4101 185 4165 xm,
200 4100 259 4152 rm.

154 4232 182 4243 ..
205 4235 232 4244 ..
255 4237 282 4246 ..
306 4237 331 4248 ..
347 4211 660 4266 merguntquevirosmsr·

407 4281 509 4333 gurtqne
523 4275 622 4320 terinos.

105 4333 171 4384 ller.
189 4334 267 4398 xlv,
289 4334 330 4384 92.

758 1971 877 2030 Dignaque
895 1982 943 2014 snm
963 1974 987 2014 et
1003 1969 1069 2022 cupio
1087 1966 1136 2010 lieri
1155 1971 1256 2012 matrone
1305 1959 1311 1972 ⁸

1007 2035 1114 2089 potentis.

710 2119 788 2173 (loni.
806 2125 890 2174 'l'rist
906 2127 963 2188 111,
986 2123 1013 2187 1,
1030 2123 1054 2171 7.
1089 2122 1198 2170 Merkel
1210 2117 1257 2168 'in-

709 2199 896 2267 terpretatur:
917 2205 1061 2267 potentem
1085 2200 1149 2252 loci.
1191 2198 1258 2262 Qni-

711 2287 771 2334 dam
789 2289 867 2337 codd.
891 2281 942 2346 (i)
965 2285 1107 2348 Naugeril,
1134 2285 1214 2333 llere.
1231 2285 1260 2331 et
1354 2312 1359 2324 .

711 2377 780 2413 nnuc
796 2367 859 2416 Vnt.
879 2368 1039 2430 parentem.

744 2468 785 2520 51
814 2464 947 2529 Trepido.
981 2457 1086 2525 duell„
1104 2461 1169 2512 Vct.
1187 2459 1210 2508 1.
1232 2462 1261 2510 et
1303 2459 1308 2467 '

712 2551 749 2615 2.,
781 2551 839 2600 Pal.
855 2551 892 2616 2.,
910 2552 997 2622 lut,
1030 2548 1141 2609 Franc,
1174 2543 1259 2609 Gall,
1329 2580 1333 2588 ,
1361 2555 1366 2572 .

712 2635 803 2699 Seru,
825 2635 909 2698 lissi,
935 2632 1056 2693 rocks,
1077 2627 1165 2692 held,
1189 2628 1259 2690 lum,

710 2718 764 2766 ΧΗ
780 2716 827 2766 elil
843 2718 946 2782 Helos,
964 2718 1043 2780 seg,
1065 2719 1146 2770 cres.
1165 2719 1257 2785 eled.

711 2797 812 2848 Borion.
823 2799 937 2862 rapido.
971 2800 1167 2862 Unuspaot'do.
1200 2802 1257 2851 Pal.

712 2879 734 2928 1.
752 2884 780 2930 et
806 2883 832 2930 ll
848 2883 896 2932 rrlll
911 2883 1003 2934 Helos.
1024 2881 1163 2947 permitur.
1196 2883 1258 2933 Bel.

710 2961 944 3028 trepido-pede,
960 2977 1021 3015 var.
1037 2957 1258 3026 trepida—ma-

708 3056 770 3094 nos.
1014 3069 1034 3114 ,¹
1172 3071 1175 3076 ·

742 3147 783 3194 55.
807 3144 904 3193 Paullo
921 3129 1046 3206 ar'gutlns
1060 3144 1146 3195 -dicts
1161 3145 1260 3196 viden-

711 3229 755 3275 tur
771 3225 823 3274 illa
839 3226 872 3273 de
889 3226 999 3288 pallore
1017 3227 1128 3278 chartae
1149 3240 1182 3278 ac
1199 3233 1258 3278 tre-

710 3320 787 3360 more
803 3309 901 3370 pedum
911 3320 945 3374 ac
957 3308 1108 3374 literarum.
1142 3311 1258 3364 Alteroi
1343 3335 1347 3345 ¹

708 3392 874 3453 petessant
895 3392 1046 3442 hexametri
1067 3396 1096 3444 et
1112 3399 1256 3458 pentame-

710 3474 754 3528 tri.
787 3473 848 3526 vid
866 3476 922 3526 not
939 3476 974 3524 ad
992 3489 1018 3524 v.
1039 3474 1079 3525 12.
1103 3502 1132 3512 -
1156 3480 1214 3529 Pal.
1232 3481 1255 3532 1.

709 3557 984 3624 minuce-mucre.
1034 3560 1115 3610 serv.
1143 3562 1256 3614 rubore.

708 3641 763 3694 Alli
780 3639 890 3707 timore,
907 3641 1040 3703 tremore,
1057 3639 1164 3705 rigore.
1211 3697 1214 3709 Ι

741 3758 781 3806 57.
802 3745 1044 3821 ’ρναηαοοιιηᾳιω,
1061 3757 1257 3820 aliqnandosl-
1306 3716 1329 3832 Ι,

699 3849 744 3887 ,νο
760 3837 836 3888 ocius
851 3840 911 3890 sive
927 3839 1027 3891 serius·
1057 3841 1256 3907 Vidlletvl,

708 3923 776 3992 511,
793 3923 880 3974 Bentl.
897 3925 932 3972 ad
949 3926 1015 3972 lior.
1033 3913 1099 3971 sat(
1110 3925 1136 3984 l,
1159 3923 1186 3986 9,
1204 3925 1256 3990 99,
1306 3921 1309 3930 ‘

708 4008 794 4055 Hasd.
812 4008 847 4054 ad
863 4003 981 4054 Turseli.
997 4006 1019 4051 l.
1034 4016 1060 4063 p.
1070 4001 1128 4052 218.
1141 4003 1255 4057 —lreirl

709 4090 738 4134 et
754 4088 783 4134 -11
799 4085 848 4133 elil
864 4085 955 4133 Helos.
973 4087 1002 4133 et
1021 4085 1089 4133 vett.
1111 4086 1170 4136 edd.
1186 4089 1254 4149 prlo-
1287 4107 1292 4115 ’

710 4176 788 4213 cere.
830 4165 918 4228 neg,
951 4165 1009 4214 Pal.
1043 4167 1067 4214 2.
1100 4171 1129 4219 et
1154 4173 1182 4220 ll
1206 4175 1254 4226 olli
1305 4177 1309 4182 '

709 4246 836 4318 plaeere.
869 4247 928 4298 Pnt.
942 4249 1097 4310 placendo.
1134 4256 1161 4304 ll
1177 4256 1255 4321 vat,

711 4329 785 4380 Matr.
803 4334 831 4381 et
847 4330 944 4393 reliqui
958 4332 1087 4395 placata.
