3054 4886
250 359 325 436 esc
430 357 473 432 P.
500 354 669 432 ovam
693 305 944 454 Nisouls,
957 317 1217 430 rulsrmn

317 540 361 598 ita
377 538 427 591 dia
440 540 562 604 fuerant
576 540 706 605 culpata,
723 549 811 603 neque
825 540 983 600 praeterea
1003 535 1132 587 Graecae
1156 531 1278 598 oripinis
1295 536 1325 584 et
1340 547 1399 586 esse

317 623 371 674 boc
388 611 475 686 aenas
492 624 520 673 et
540 621 640 672 liaberi
652 671 655 678 ,
665 623 725 672 tum
747 619 883 685 desierat,
905 623 934 671 el
949 621 1026 686 qnod
1040 618 1131 682 probe
1147 619 1358 678 tenendum-ecl
1373 620 1400 668 et

316 704 347 754 in
364 705 416 774 boc
433 703 596 768 quaestione
612 705 704 766 calet,
728 702 816 767 poita
836 701 897 752 illis
918 707 985 751 non
1000 701 1125 764 patrio
1143 713 1241 750 more
1257 700 1398 751 amicissi-

209 787 212 801 '
315 785 526 849 maerebamini
543 786 671 836 blandiri
687 785 785 849 coluit,
807 785 842 836 nt
862 797 924 834 eum
945 783 1095 848 probabile
1111 782 1158 846 sil,
1175 783 1327 834 dummodo
1344 784 1399 834 Pe-

318 867 406 919 rillae
421 871 561 934 placeret,
578 871 655 920 leand
671 880 841 934 mapnopere
863 866 986 932 cavisse,¹
996 881 1031 916 ne
1051 866 1151 928 paullo
1168 864 1338 914 insolentius
1355 864 1399 915 di-

317 963 383 1002 cere
407 952 564 1004 uideretur.
609 952 688 1012 Quod
712 952 806 1001 autem
832 963 859 999 o.
887 950 939 999 20.
963 936 1243 999 PerillamTLesbiae
1269 947 1399 1012 poitriae

316 1034 477 1097 comparat,
495 1046 597 1084 uereor
613 1047 648 1084 ne
662 1039 768 1096 parurn
784 1032 860 1098 inde,
878 1045 940 1082 eam
957 1044 1073 1097 quoqne,
1090 1031 1122 1080 ul
1132 1030 1272 1090 Lesbiam,
1286 1030 1398 1082 crocco

311 1105 450 1166 *carmina
465 1115 654 1178 composuisse
670 1113 823 1180 efficiatur.
858 1114 1096 1174 Quemadmodum
1116 1113 1189 1163 enim
1205 1112 1349 1163 Homerus
1365 1128 1398 1163 a·

230 1263 235 1270 ,
316 1199 377 1261 pud
405 1199 514 1248 celeres
543 1210 601 1260 pro
622 1211 729 1249 summo
749 1197 848 1260 poita
862 1197 936 1260 erat,
953 1195 996 1254 ita
1013 1193 1048 1246 ab
1066 1195 1165 1246 iisdem
1182 1198 1242 1246 tam
1260 1196 1398 1248 Romanis

317 1292 403 1344 auam
424 1279 544 1332 Graecis
564 1281 682 1344 Sappbo
707 1269 953 1343 summa'poiiria
974 1271 1150 1332 habebatur:
1173 1281 1217 1338 ut¹
1229 1288 1284 1344 quo
1308 1279 1399 1344 mapis

316 1361 423 1427 aliqua
434 1361 544 1428 femina
564 1360 593 1412 in
614 1363 730 1427 poitica
746 1364 916 1428 excelleret,
940 1375 972 1414 eo
988 1362 1109 1427 propius
1125 1363 1165 1412 ad
1180 1363 1315 1426 Sapphus
1331 1364 1398 1413 lau-

237 1451 241 1462 '
317 1446 380 1496 dem
397 1447 534 1496 accedere
549 1445 713 1508 diceretnr;
735 1431 820 1510 atoue
840 1445 1008 1508 aldanias,
1032 1443 1119 1509 poita
1134 1443 1265 1507 Latinus,
1284 1459 1303 1494 a
1320 1448 1398 1496 oete-

315 1541 382 1578 rum
396 1529 549 1592 poitarum
564 1529 791 1582 admiratoribus
808 1526 897 1590 (Hor.
914 1529 970 1592 Ep.
995 1529 1042 1593 ΙΙ,
1063 1526 1088 1592 1,
1110 1527 1180 1590 50.)
1206 1527 1306 1596 alter
1329 1528 1398 1578 Ho-
1421 1547 1426 1555 ¹

316 1624 431 1662 merus
447 1613 616 1678 uocabatur,
632 1615 666 1664 ui
682 1611 826 1674 Ponticus,
844 1607 937 1675 quiet
951 1610 1011 1674 ipse
1018 1609 1121 1662 Latine
1128 1609 1265 1690 ‘scripsit
1282 1609 1343 1674 pri
1349 1623 1398 1660 mo

316 1695 465 1745 Homero
483 1696 696 1746 contendere
717 1695 867 1745 dicebatur
892 1694 1000 1757 [Propo.
1026 1694 1054 1758 Ι,
1075 1692 1302 1757 7,1.).·eodem
1318 1694 1399 1743 modo

318 1775 430 1826 Nasoni
446 1775 541 1827 dicere
558 1775 669 1840 licebat,
687 1777 753 1841 quin
777 1774 888 1828 Graece
912 1777 1025 1828 Perilla
1044 1761 1193 1840 scriberet,
1220 1789 1239 1824 a
1256 1777 1322 1824 sola
1340 1787 1399 1832 eam

252 1859 256 1866 “
317 1857 421 1910 Lesbia
437 1857 581 1922 superari.
621 1858 673 1918 Qui
696 1871 766 1908 cero
781 1848 908 1923 patrio
924 1873 1018 1911 more
1033 1872 1090 1925 pro
1106 1860 1261 1924 paterno
1280 1870 1398 1922 accepe-

232 1939 236 1948 ‘
316 1942 395 2004 runt,
415 1941 504 2002 aliam
525 1937 725 2003 difficultatem
748 1955 804 1993 non
826 1944 960 1994 uidentur
980 1941 1172 2008 perspicisse,
1193 1939 1329 1992 nimirum
1350 1939 1398 2005 oui

316 2036 377 2072 mos
391 2024 532 2086 paternus
548 2025 622 2073 esset
636 2014 844 2088 intemperans:
877 2026 911 2076 Si
927 2024 1000 2076 enim
1017 2038 1085 2076 non
1101 2021 1226 2088 patris
1242 2023 1398 2074 numeris

316 2106 479 2158 almodis
494 2106 678 2172 intelliperes,
701 2103 835 2160 contorta
856 2109 885 2160 el
903 2117 1009 2169 parum
1026 2105 1183 2180 perspicua
1200 2106 1298 2156 oratio
1312 2108 1397 2173 foret.

317 2187 468 2252 Infelicius
485 2189 537 2240 alii
554 2204 573 2240 a
597 2189 684 2252 poita
700 2189 757 2241 dici
774 2189 958 2254 censuerunt,
984 2201 1046 2239 eam
1061 2201 1118 2238 non
1133 2189 1230 2253 patris
1247 2191 1288 2240 nd
1304 2205 1397 2242 ecem-

314 2269 401 2331 plum'
422 2272 560 2324 obscoena
583 2271 780 2336 composuisse.
824 2275 901 2325 Sane
926 2271 951 2322 si
967 2255 1048 2324 N'aso
1072 2271 1144 2323 nibil
1161 2271 1225 2322 nisi
1252 2275 1352 2338 turpia
1373 2276 1400 2325 et

318 2352 456 2404 obscoena
473 2355 627 2420 cecinisset,
645 2356 728 2421 idque
744 2355 805 2420 ipse
822 2345 1016 2419 concessisset,
1043 2357 1101 2404 tum
1116 2355 1172 2405 illa
1189 2355 1295 2420 oratio,
1310 2371 1398 2420 prae-

316 2437 363 2488 ter
380 2443 455 2501 qnod
470 2440 529 2492 boc
540 2443 603 2491 loco
619 2453 727 2503 parurn
745 2441 910 2503 opportuna
925 2438 1087 2501 uideretur,
1112 2451 1169 2487 non
1194 2428 1306 2489 omnino
1317 2439 1398 2490 'ailu-

317 2524 451 2581 peranda
468 2525 548 2573 esset.
583 2525 672 2585 Quum
689 2526 783 2574 antem
798 2511 893 2587 polla,
910 2521 1018 2587 queaties
1034 2521 1069 2571 de
1086 2521 1208 2572 ludicris
1222 2522 1282 2574 suis
1292 2523 1398 2573 carmi-

316 2601 942 2670 nibusloqnitur(Vid.adl‚1,t3.)nbioue,
958 2593 1076 2668 rationis
1085 2602 1261 2670 carminibus
1276 2605 1400 2670 exclusis

316 2689 401 2736 annm
418 2689 530 2738 tantum
546 2688 647 2739 Artem
661 2689 834 2739 amatorium
847 2684 1003 2750 intelligat,
1016 2684 1091 2736 nibil
1108 2700 1142 2737 ea
1157 2686 1400 2751 interpretatione
1474 2681 1478 2687 ⁴

315 2771 412 2832 potest
424 2771 655 2822 esceabsurdias.
691 2772 794 2838 Quibus
808 2773 903 2822 antem
918 2770 1081 2836 appositum
1094 2768 1168 2820 illud
1184 2771 1289 2821 docta
1303 2772 1399 2823 Grae-

317 2864 418 2904 corum
433 2853 593 2906 carminum
608 2854 732 2905 studium
754 2856 908 2905 declarare
933 2854 977 2904 es't
998 2855 1100 2916 vicium,
1125 2865 1181 2902 non
1201 2851 1275 2901 satis
1291 2867 1400 2917 capno-

205 2925 224 2947 ‘'
317 2933 390 2986 aisse
407 2936 541 2988 uidentur
556 2937 658 3000 poilae
675 2950 756 2996 usum
772 2936 901 2999 dicendi,
923 2949 942 2986 a
959 2949 1013 3000 areo
1029 2937 1126 2987 docti
1144 2949 1233 2987 omnes
1250 2931 1398 2999 dicuntur,

246 3087 249 3092 Ι
307 3018 366 3086 Ὶ111ιί
380 3015 410 3070 in'
427 3020 527 3085 aliqua
549 3021 609 3072 sioe
631 3022 697 3071 arte
721 3019 780 3069 noe
804 3019 940 3071 doctrina
963 3018 1022 3090 sice
1042 3033 1076 3071 re
1096 3009 1267 3085 quacunque,
1286 3019 1318 3070 in
1342 3033 1401 3085 qua

316 3102 423 3168 inaenii
439 3105 483 3155 uis
499 3091 636 3167 cernitur,
646 3103 797 3153 excellunt.
812 3102 868 3152 Sic
880 3103 1012 3153 'doctus
1022 3101 1400 3168 PptbaporasMet.XV,

317 3187 385 3250 742,-
403 3185 773 3254 doctusGermanicus,
791 3186 916 3237 doctus
934 3185 1234 3253 Catullus,'poitae,
1252 3185 1399 3250 PontJV,

316 3274 345 3334 8,
361 3268 421 3334 77„
437 3272 534 3321 Amor.
552 3271 617 3333 ΙΙΙ,
641 3267 670 3332 9,
695 3266 761 3340 62.)
787 3267 887 3318 docti
909 3270 1038 3332 poitae
1063 3271 1124 3322 sine
1145 3269 1319 3336 discrimine·
1333 3259 1399 3318 nrt.

222 3363 227 3370 ·
317 3353 382 3415 ΙΙΙ,
400 3345 481 3414 aba·
500 3341 624 3404 doctas
640 3353 785 3414 Brutus,
794 3351 931 3406 doctus
946 3353 1124 3422 Salona&
1136 3354 1270 3406 oratores
1276 3386 1287 3415 ,
1318 3350 1400 3401 Pont.

319 3433 410 3497 11,5,
428 3434 482 3496 15.-,
501 3435 527 3496 Ι,
543 3433 569 3496 1,
586 3433 654 3496 n,-
672 3436 801 3485 doctae·
815 3437 913 3485 artes
929 3437 1055 3486 Daedali
1071 3437 1141 3488 Mel.
1159 3435 1215 3498 IX,
1232 3433 1322 3495 7434
1341 3434 1398 3483 do-

318 3518 379 3566 cta
401 3529 521 3565 manus
537 3515 694 3578 sculptoris
711 3517 791 3567 Fast.
810 3520 876 3584 ΙΙΙ,
900 3520 986 3582 832„-
1009 3521 1136 3570 doctae
1156 3532 1280 3568 manus
1305 3520 1399 3579 lyram

317 3598 462 3662 pulsantis
477 3599 575 3649 Amor.
593 3598 632 3646 ΙΙ
633 3632 644 3662 ,
660 3595 690 3659 4,
707 3598 773 3659 884
796 3602 900 3656 docta
917 3602 1066 3660 bractia
1080 3595 1240 3656 tumentium
1257 3601 1329 3651 Mel.
1349 3598 1399 3660 Vl,

283 3687 285 3694 ’
317 3682 369 3732 60.
402 3683 464 3733 Hoc
481 3673 597 3734 dicoen
613 3679 664 3730 illo
682 3669 792 3746 quidem
809 3685 871 3732 loco
885 3683 956 3733 nibil
972 3684 1046 3735 certi
1062 3683 1159 3747 collipi
1173 3697 1267 3747 posse,
1285 3695 1398 3747 eumque

317 3766 425 3830 eodm,
447 3767 473 3816 si
495 3763 693 3832 non-maiore,
708 3763 772 3814 iure
788 3764 818 3814 in
835 3767 1013 3830 contrariam
1033 3753 1157 3829 partin
1168 3765 1281 3831 afferri.
1315 3765 1399 3815 Alter

238 3841 255 3876 ’·
315 3852 357 3902 est
373 3853 467 3916 ‘locus,
493 3847 585 3914 qualis
612 3848 823 3913 oecidem'nnuc
843 3851 911 3911 post
936 3850 1054 3900 Petrum
1069 3851 1269 3901 Burmannnm
1285 3849 1317 3899 in
1332 3850 1399 3912 plu-

250 3987 251 3994 ,
315 3932 661 4008 νίτηὶεΙίΙνίειωεΙιιΙ,ᾒυ.
678 3931 722 3983 17.
792 3981 794 3984 .

383 4151 386 4154 Ι
420 4135 424 4141 ,
447 4057 552 4129 Primus
570 4077 596 4126 id
614 4074 781 4158 (incenium)
798 4075 1031 4141 adspexiteneris
1048 4078 1076 4127 in
1093 4076 1209 4140 virginis
1227 4075 1319 4140 annis,

384 4226 387 4231 Ι
495 4167 583 4226 thue
601 4165 688 4227 patet,
704 4175 793 4212 venae
811 4163 919 4224 duxque
936 4173 1082 4225 comesque
1102 4161 1150 4212 sul
1206 4165 1209 4172 '

274 4291 276 4298 ’
316 4292 374 4341 Sed
389 4290 419 4373 in
437 4306 469 4342 eo
485 4255 608 4356 priosum
624 4294 678 4365 illa
702 4297 807 4358 istane
829 4279 1116 4358 patet—danque
1139 4279 1324 4354 comesque
1346 4303 1401 4340 non

317 4373 391 4426 satis
407 4376 582 4426 comiaclum
599 4391 709 4428 sensnm
724 4378 869 4440 praebent.
909 4379 986 4430 Nam
1007 4376 1118 4430 etiamsi
1139 4376 1209 4426 llaec
1229 4373 1328 4438 primo
1345 4387 1402 4426 non
