3028 4886
472 357 571 436 uin.
597 359 646 434 u.
685 357 838 437 nuno.
860 313 951 436 vu.

1213 367 1287 468 485

125 546 263 644 Atque
286 544 421 618 utinam
446 545 565 617 vivat.
579 552 617 616 et
640 566 714 617 non
739 547 913 620 moriatur
939 547 976 618 in
1002 545 1091 636 illis,

179 668 296 746 Absit
319 666 366 743 ab
391 668 524 742 invisis
550 673 589 742 et
614 659 734 762 tamen
759 669 888 744 umbra
910 669 1027 744 locis!
1085 751 1089 757 ¹

128 909 159 958 te
176 907 315 956 Nasonem
326 908 418 971 mere,
428 907 541 969 primam
554 911 685 960 constan·

127 993 176 1040 ter
197 987 353 1053 corripere,
376 1000 464 1051 neque
487 991 555 1040 satin
573 997 685 1041 consta-

127 1084 177 1138 re,
194 1080 228 1122 an
247 1069 360 1122 Ovidius
382 1083 497 1133 unquam
516 1073 685 1133 produxerit.

129 1157 190 1208 sed
216 1153 298 1224 etiam
320 1153 347 1202 in
369 1153 432 1202 aliis
456 1155 484 1202 et
508 1155 684 1218 gravioribus

128 1241 242 1288 veteres
258 1234 323 1286 libri
340 1236 365 1284 ir.
382 1235 402 1284 l.
421 1234 590 1284 dissentiunt.
625 1238 684 1285 lta-

132 1333 187 1384 que
203 1321 317 1384 primum
336 1328 441 1368 omnem
453 1318 616 1368 varietatem
634 1332 684 1370 or-

128 1403 194 1456 dine
210 1415 354 1467 apponam.
388 1401 446 1452 Pal.
463 1399 487 1450 1.
504 1403 591 1451 etlil
606 1401 665 1452 alii:

178 1513 243 1558 uun
259 1512 284 1556 iu
302 1511 339 1555 irie
357 1509 418 1554 liaeo
437 1514 566 1554 tenerorum
580 1513 643 1556 lutor
656 1523 683 1558 a·

431 1586 526 1620 morum.

128 1685 209 1732 luem
219 1681 311 1744 tietb,
326 1678 379 1729 nini
395 1681 467 1744 quod
486 1679 642 1744 tantorum,
655 1683 683 1730 et

129 1777 202 1814 unus
224 1763 327 1829 Heius,
351 1764 395 1826 qui
413 1762 444 1812 in
459 1762 504 1812 bis
520 1765 601 1814 vates
619 1765 684 1826 ten,

129 1852 160 1899 et
177 1835 270 1912 serv,
287 1848 332 1910 qui
349 1845 379 1897 ia
395 1845 438 1895 bis
455 1845 508 1895 beu
525 1857 568 1894 me
587 1845 614 1894 ie
630 1846 683 1895 do-

125 1930 197 1979 ctor
219 1939 357 1978 amorum.
389 1953 423 1966 -
457 1928 532 1977 Vett.
555 1928 631 1989 edd„
653 1928 680 1976 11

131 2012 252 2076 lleinsii,
266 2013 345 2060 itero.
362 2015 391 2061 et
408 2011 488 2061 iiotb.
505 2023 556 2072 pro
570 2023 596 2062 v.
612 2022 682 2060 scm:

180 2119 244 2167 vivit
255 2123 279 2166 iu
293 2121 328 2166 bis
346 2120 417 2174 igitur
436 2124 566 2164 teucrorum
579 2121 643 2164 lusor
654 2131 682 2164 a·

428 2198 524 2230 morum.

128 2249 196 2300 Vnt.
216 2247 239 2296 i.

176 2341 240 2386 vivit
257 2340 280 2382 in
294 2339 342 2386 illie
361 2339 438 2382 nuilus
457 2346 535 2378 eorum
552 2335 637 2380 obiitne
655 2346 681 2379 a·

427 2411 522 2444 morum.

128 2461 224 2512 Gueli.
242 2463 270 2508 et
287 2460 385 2508 Dread.

180 2554 244 2600 vivit
262 2554 286 2597 iu
302 2551 338 2596 iris
357 2553 401 2594 beu
417 2553 494 2594 nulius
508 2557 585 2593 eorum
599 2544 683 2588 obiitus

430 2629 539 2664 amorum·

127 2675 191 2726 l‘ol.
210 2674 232 2724 1.

181 2767 245 2812 Vivit
264 2767 288 2811 iu
306 2769 341 2812 bis
359 2769 402 2814 beu
420 2771 496 2842 nullus
515 2763 599 2810 oblitus
619 2773 682 2807 amo-

430 2847 487 2878 rum.

129 2891 190 2942 Pol.
207 2891 232 2940 8.
245 2851 280 2940 et
295 2892 364 2954 Reg.

176 2985 240 3030 viva
257 2987 281 3028 in
298 2987 336 3030 iris
354 2987 430 3029 nuilus
447 2986 527 3028 borum
540 2985 583 3026 beu
597 2981 682 3024 oblitus

427 3063 535 3095 amorum.

130 3147 207 3195 Idem
225 3145 286 3192 Put.
302 3139 355 3196 nisi
371 3140 443 3200 quod
460 3139 560 3186 borum
577 3137 681 3186 auitas.

129 3218 234 3277 Franc.
260 3221 290 3271 ia
322 3219 365 3269 bis
392 3219 444 3282 beu
468 3231 524 3266 non
556 3219 681 3276 alioruin

133 3304 191 3357 obl.
210 3315 236 3352 o.
271 3303 328 3352 Pal.
350 3303 378 3349 2.
397 3299 426 3348 in
447 3299 490 3348 bis
512 3300 608 3348 nultus
630 3301 682 3348 tea.

133 3385 247 3440 oblitus.
284 3384 363 3434 Alius
380 3381 494 3435 Heinsii:

179 3482 243 3526 Vivit
264 3492 294 3524 ou
312 3478 398 3522 unliinn
417 3481 491 3522 iorum
514 3479 598 3522 oblitus
619 3491 681 3544 amo-

430 3557 488 3588 rum.

128 3637 203 3688 Gali.
221 3639 250 3684 et
267 3637 293 3684 11
309 3634 359 3683 alii
375 3635 466 3685 lleins.
499 3672 501 3682 ,

178 3729 242 3772 Vivit
259 3729 282 3770 iu
298 3727 334 3770 iris
348 3728 419 3782 iriam
431 3734 562 3773 nostrornm
576 3733 622 3774 obi.
637 3743 679 3774 am.

129 3819 205 3865 roem
228 3815 302 3863 nusi.
325 3817 352 3863 et
374 3817 401 3864 11
425 3817 472 3866 un
496 3795 605 3879 naias,
631 3817 681 3864 nisi

129 3899 202 3962 quod
218 3897 388 3960 vestrorum,
402 3902 430 3947 et
441 3901 482 3949 eri.
499 3914 540 3962 pr.
555 3912 624 3963 quae
636 3903 680 3950 ta-

130 3991 192 4030 mon
209 3993 265 4028 aon
283 3981 416 4030 oestrum.
440 4007 462 4016 -
493 3983 553 4032 liei.
572 3995 589 4030 a
606 3983 629 4031 1.
649 3997 681 4043 m.

130 4069 159 4113 et
178 4064 258 4114 Goth.
273 4076 324 4126 pro
338 4079 363 4113 v.
372 4078 426 4115 sor.
437 4065 510 4118 vivit
521 4066 550 4116 in
567 4067 610 4118 bio
627 4081 680 4124 oa-

131 4147 173 4195 tce
190 4146 212 4194 t.
230 4159 255 4193 o.
274 4158 300 4192 a.
335 4147 400 4198 Eue.
418 4149 501 4198 Voss
591 4202 611 4208 ¹,

181 4237 262 4283 Nullus
282 4239 305 4282 iu
325 4241 361 4285 bis
379 4242 441 4286 vivut
465 4255 578 4288 armorum
599 4243 683 4288 obiitus

267 4317 269 4322 ·
430 4321 516 4354 curum.

129 4366 193 4426 seg.

784 904 847 950 vivit
863 904 887 948 in
904 905 939 950 bis
956 906 1000 950 beu
1017 905 1077 949 liaeo
1095 915 1188 949 enorum
1201 905 1286 951 obiitus

1033 983 1142 1016 amorum.

734 1055 856 1120 Pirckb,
873 1059 986 1124 iterem,
1003 1058 1098 1124 crem,
1112 1059 1172 1108 liei.
1189 1073 1241 1123 pro
1258 1076 1284 1112 v.

734 1150 802 1201 som,
823 1142 851 1189 et
873 1139 943 1190 laud
966 1143 1046 1192 dubie
1068 1154 1124 1191 non
1141 1144 1222 1207 pauci
1238 1144 1286 1194 aiii

735 1217 846 1282 Heius,
866 1219 934 1270 licet
956 1225 1064 1274 nonnisi
1088 1227 1129 1280 111
1150 1229 1236 1292 ignoti
1256 1228 1284 1279 in

734 1302 842 1352 schedis
860 1302 918 1352 eius
932 1304 1100 1359 indicentur:

781 1396 844 1442 vivo
861 1397 884 1440 iu
902 1396 939 1441 hir
958 1397 1030 1454 igitur
1050 1404 1180 1446 tenerorum
1199 1403 1283 1448 oblitus

1031 1478 1132 1510 amorum
1145 1490 1171 1498 -

733 1543 1283 1610 quaesoripturaetiamsententiaeprae-

732 1627 834 1675 stantia
851 1631 879 1676 et
895 1628 1040 1678 multorum
1057 1629 1174 1680 aliorum
1192 1634 1283 1695 codd,
1319 1640 1322 1644 ’

732 1708 798 1758 licet
815 1710 843 1759 in
860 1707 953 1772 parvis
966 1715 1170 1776 corruptorum,
1188 1714 1282 1763 varie·
1301 1736 1304 1744 =

734 1793 790 1842 tate
808 1791 937 1843 iirmatur.
972 1795 1117 1857 scriptura
1134 1795 1184 1844 illa
1202 1797 1283 1846 lusor

732 1887 863 1924 amorum
884 1879 913 1924 et
934 1888 1099 1938 perparvam
1128 1880 1283 1931 auctorita-

733 1959 786 2006 tem
804 1957 940 2022 codicum,
958 1963 985 2008 et
1001 1961 1096 2011 nescio
1112 1961 1282 2026 quidsuspe-

733 2043 805 2100 otum
822 2041 914 2105 babet,
937 2043 1000 2103 quin
1021 2043 1114 2092 eadem
1132 2045 1212 2097 etiam
1232 2048 1284 2112 IV,

733 2123 777 2190 1⁰,
794 2123 830 2188 1.,
847 2127 877 2172 et·
893 2127 944 2188 lll,
962 2126 989 2188 t,
1003 2126 1043 2174 71.
1054 2127 1192 2189 leguntur.
1203 2153 1235 2165 -
1248 2133 1282 2181 V.

732 2205 773 2254 22.
798 2206 879 2254 Gotb.
897 2203 978 2255 ondit
993 2208 1081 2256 vater.

765 2296 806 2344 tt.
824 2293 865 2342 lit
880 2307 943 2343 non.
969 2296 1066 2345 scribe
1084 2297 1164 2348 rotatas
1181 2304 1210 2350 et
1225 2316 1283 2354 noa

732 2376 879 2440 moriaris,
897 2389 955 2426 cum
974 2377 1067 2442 Bion,
1095 2393 1229 2432 conversa
1247 2389 1282 2434 ad

733 2469 763 2508 se
786 2458 924 2524 oratione,
950 2464 980 2510 ut
1002 2464 1088 2510 metro
1108 2466 1281 2531 consulatum

733 2540 785 2590 nisi
807 2541 884 2590 maiis
907 2554 963 2590 noa
988 2543 1023 2591 et.
1046 2541 1122 2599 'vat
1142 2546 1165 2595 1.
1184 2547 1283 2600 υἰᾱιιεε

733 2635 785 2686 pro
802 2622 889 2672 cinai.
913 2623 1024 2673 Hnrn's.
1047 2628 1216 2680 Burmannus
1232 2636 1282 2684 dc·

665 2699 668 2706 ’
734 2708 772 2757 dit
788 2706 839 2756 seri
854 2719 919 2769 non,
937 2709 1035 2759 additis
1057 2711 1119 2761 aliis
1138 2715 1282 2766 coniectu-

732 2791 783 2854 ris,
801 2801 868 2852 quas
885 2793 1014 2852 repetere
1024 2805 1080 2842 nou
1094 2795 1200 2845 attinet.
1223 2798 1282 2847 ve-

733 2885 791 2922 rum
809 2875 921 2935 praeter
945 2877 1018 2936 quod
1035 2888 1131 2926 sensns
1149 2877 1216 2926 iilud
1232 2880 1283 2928 sed

732 2956 779 3006 vix
796 2957 929 3020 admittit,
952 2969 1028 3006 mera
1051 2960 1211 3009 coniectura
1229 2965 1282 3025 est,

732 3041 792 3088 cuni
809 3038 872 3088 libri
894 3041 960 3088 vett.
979 3039 1073 3090 omnes'
1093 3042 1120 3090 in
1142 3043 1281 3102 scriptura

732 3127 761 3174 et
776 3137 832 3173 aon
850 3122 1030 3173 consentiant.
1068 3124 1099 3171 ld
1121 3135 1200 3170 uuum
1219 3125 1280 3186 agi-

732 3212 787 3271 tur,
805 3218 840 3254 an
857 3205 968 3267 syllaba
984 3205 1124 3265 posterior
1142 3207 1219 3254 verbi
1237 3206 1281 3256 oi:

732 3290 784 3340 vat
799 3290 876 3338 recte
893 3288 1076 3351 producatur,
1100 3289 1133 3336 de
1156 3301 1209 3350 quo
1227 3303 1282 3340 non

732 3375 825 3439 potest
843 3371 968 3421 dubitari.
1001 3373 1069 3422 Nam
1087 3371 1179 3421 inimo
1195 3374 1282 3424 boxa-

734 3458 812 3507 metri
834 3456 903 3520 pede
926 3455 997 3505 tales
1018 3455 1144 3518 syllabas
1172 3458 1280 3508 omnino

732 3552 815 3602 saepe
833 3537 964 3601 produci,
986 3539 1077 3588 multis
1097 3540 1215 3590 ostendit
1232 3553 1283 3590 ex-

733 3623 828 3684 emplis
847 3621 999 3671 Schneider
1020 3621 1047 3668 in
1070 3621 1187 3669 Granum.
1210 3624 1242 3671 L.
1262 3626 1282 3671 l.

733 3719 757 3765 p.
776 3704 833 3752 745.
850 3716 942 3766 sopp,
967 3702 1010 3765 qui
1029 3702 1054 3750 id
1073 3701 1172 3766 inillis
1191 3705 1282 3753 verbis

731 3785 950 3848 frequentissime
967 3785 1027 3834 fleri
1045 3787 1137 3848 docet,
1163 3797 1231 3846 quae
1249 3799 1282 3834 a·

732 3872 891 3930 napaestum
913 3867 1042 3916 efficiant.
1086 3867 1147 3916 viu.
1170 3868 1226 3915 not.
1247 3871 1281 3916 ad

732 3953 796 4001 ller.
815 3954 867 4014 Vi,
885 3951 925 4000 ai.
966 3953 1019 4000 sed
1042 3951 1106 3997 sunt
1131 3949 1212 3997 etiam
1231 3961 1281 4000 ex-

732 4036 822 4096 empla
840 4035 938 4094 multa,
952 4034 1013 4080 huic
1029 4033 1094 4080 loco
1106 4031 1187 4090 plane
1204 4020 1284 4084 simi-⁶

734 4117 783 4179 lia,
802 4127 861 4165 curn
880 4117 950 4176 opud
969 4113 1038 4162 alios
1051 4125 1152 4177 eosque
1167 4119 1282 4182 elegan-

734 4199 851 4248 tissimos
861 4197 968 4260 poetas,
983 4201 1036 4266 tum
1050 4202 1121 4261 apud
1132 4199 1281 4265 Nasonem,

735 4273 847 4342 quorum
874 4293 960 4344 pauca
981 4281 1125 4345 apponam]
1172 4285 1281 4338 Metam.

734 4364 770 4426 X,
788 4363 844 4415 119.
925 4361 928 4368 “
