3006 4890
570 355 572 364 ,
639 310 738 386 LIB.
751 307 809 386 .11.

1217 311 1292 386 197
1318 339 1334 352 ··

147 465 246 583 'lium
267 513 442 591 generum
454 491 606 583 Peliae,
634 491 722 589 quid
742 465 902 581 Thesea,
930 491 1068 589 quidve
1080 493 1290 593 Pelasgum,
1317 519 1322 526 ·

192 617 363 698 [iliacam
388 619 512 716 tetigit
536 617 597 713 qui
622 623 702 689 rate
726 617 862 715 primus
886 613 1054 692 humum?

174 839 233 889 4⁰8.
259 837 461 904 Haemonaque
480 841 517 890 et.
558 841 606 890 Ed.
625 840 695 889 ven.

143 920 218 974 llll.
252 919 400 970 Haemona
415 922 452 971 et.
461 947 495 958 -
507 911 657 972 Almo'nam
666 921 697 970 et

141 1003 200 1050 lun.
223 1007 253 1034 ὲ
280 1003 371 1069 Gall,
404 1005 477 1054 ilusi.
505 1007 538 1054 et
564 1005 618 1055 Vll
645 1004 693 1053 eiii

140 1086 231 1135 iieins.
242 1084 434 1135 Almenamel.
458 1087 533 1135 iiusI.
542 1084 691 1136 Alcmenam

139 1179 213 1230 quae
239 1169 286 1217 vel
313 1166 368 1231 qui.
397 1165 427 1203 '-
452 1169 567 1232 Dresd.,
600 1168 692 1230 (loth,

123 1244 263 1314 *Plroirim
283 1241 397 1315 ilersm,
418 1250 583 1300 Alcmenam
606 1250 642 1300 et.
658 1269 693 1284 —-

141 1336 227 1397 Mor,
244 1332 321 1383 held.
344 1329 373 1380 ct'
389 1333 429 1382 1v
454 1333 503 1382 eiii
524 1333 616 1382 licius.
638 1330 692 1380 Al-

141 1423 309 1478 meaamque
326 1413 361 1478 et.
379 1438 411 1450 -
427 1411 691 1478 Berm,iiel;,tirev.

138 1495 359 1558 Alcmenamque
386 1495 423 1544 et.
456 1519 488 1531 -
516 1496 565 1544 ild.
590 1495 692 1542 Bonou.

135 1579 327 1629 Alcltmenam
346 1575 377 1626 ia
398 1579 497 1627 noctes
518 1576 598 1626 tussa
614 1573 692 1624 eolre

115 1707 118 1714 .
139 1661 225 1723 duae,
243 1671 279 1708 ex
296 1669 349 1721 qua
370 1672 425 1710 ser.
447 1663 563 1723 apparet
577 1659 691 1724 vurlen-

140 1749 197 1793 tem
214 1742 378 1801 Alcmenam
393 1753 411 1790 e
426 1741 527 1806 glossis
549 1750 622 1802 esse,
630 1737 691 1800 qui-

140 1825 192 1875 lrus
208 1824 422 1889 significaretur,
439 1823 603 1874 Alcmenam
620 1821 690 1892 iuis-

140 1907 183 1972 se,
200 1909 234 1956 ed
253 1917 332 1969 quem
355 1909 426 1957 duee
447 1906 513 1956 illue
529 1909 625 1956 noctes
641 1915 690 1954 re-

139 1991 287 2040 ferrentur.
320 2013 352 2024 -
380 1987 441 2038 Pol.
461 1987 484 2037 1.
507 1975 690 2038 Hemonam.

142 2075 200 2124 i’oi.
217 2076 240 2124 t.
259 2069 442 2144 Hermoclen.

174 2171 312 2238 Haemon,
325 2171 373 2235 qui
390 2173 442 2221 iroc
458 2171 478 2221 1.
493 2177 691 2221 commemore-

97 2239 105 2252 ’
141 2259 199 2322 tur,
216 2259 278 2306 eret
295 2255 421 2308 Creontis
445 2255 599 2305 Thebarum
616 2251 691 2314 regis

141 2339 224 2404 fliius,
241 2338 287 2402 qui
305 2339 417 2387 'amabat
443 2335 619 2398 Antigonum,
637 2325 693 2383 Oe-'

139 2421 197 2482 dipi
221 2419 296 2481 regis
322 2423 350 2468 et
369 2419 496 2467 locastae
518 2416 608 2466 tiliam.
642 2416 694 2479 Eu,

140 2513 224 2564 quum
242 2499 340 2548 occisis
357 2500 385 2552 iu
398 2488 476 2547 'bello
488 2496 618 2550 Thebano
635 2503 694 2543 mu-

140 2587 193 2633 tua
210 2583 295 2631 coede
311 2581 454 2645 tratribus,
467 2579 584 2630 Eteocle
599 2579 626 2626 et
636 2577 691 2626 Po-

137 2666 236 2729 lynice
261 2664 342 2724 (vid.
363 2665 398 2714 ad
420 2677 447 2712 v.
469 2661 571 2726 319.),“
600 2658 702 2730 Creon

137 2757 190 2796 rex
207 2743 272 2813 (111,
294 2749 321 2812 3,
344 2747 399 2804 67.)
415 2744 578 2809 Polynicen,
600 2740 692 2803 utqui

140 2841 219 2880 arma
251 2831 385 2881 adversus
421 2829 538 2894 petriam
572 2825 691 2889 tulisset,

140 2913 285 2976 proposita
300 2913 397 2964 mortis
412 2922 502 2975 poene
516 2906 628 2969 sepeliri
638 2917 690 2955 ve-

141 2993 249 3060 ruisset,
266 2997 403 3046 contemta
415 2992 511 3043 mortis
521 2999 612 3053 poene
628 2987 690 3037 frea

139 3081 211 3130 trem
227 3076 356 3141 sepelivit
365 3076 482 3138 vivaque
498 3070 630 3133 sepulcro
646 3069 690 3118 in-

141 3163 221 3212 cluse
238 3163 288 3209 est
327 3153 388 3221 Quo
410 3155 503 3204 audito
524 3154 647 3201 linemon
664 3149 692 3199 in

141 3245 238 3294 eodem
259 3242 324 3290 loco
349 3239 464 3287 mortem
480 3234 533 3284 sihi
548 3235 607 3297 ipse
624 3245 692 3284 oon-

140 3325 232 3375 scivit.
265 3322 363 3374 Exstat
378 3307 702 3381 Antipera-sophoclis(

108 3457 111 3462 .
141 3408 232 3460 Etiam
248 3403 393 3466 Euripides
411 3403 524 3451 eundem
535 3387 594 3453 reni
604 3402 632 3453 in
647 3403 700 3470 iu-¹

139 3491 207 3540 buia
215 3488 334 3536 eiusdem
344 3483 458 3534 nominis
468 3486 611 3537 tractarat.
628 3486 691 3537 Vid.

141 3571 272 3635 Apollod.
288 3571 335 3619 lii.
360 3581 383 3618 c.
404 3569 428 3617 7.
446 3567 535 3633 ibique
552 3571 641 3633 iieyn.
663 3572 691 3620 et

140 3657 198 3706 not.
215 3654 251 3702 ed
267 3667 295 3702 v.
312 3651 370 3702 eie.
404 3651 485 3716 Plop.
502 3651 539 3717 11,
555 3652 580 3702 8.

190 3762 259 3816 Quid,
280 3757 332 3808 uon*
343 3763 470 3870 Antigonfis
484 3764 569 3807 tumulo
582 3764 690 3809 Boeotius

460 3839 541 3874 aemon

228 3893 327 3947 corruit,
346 3894 396 3949 ipso
415 3905 459 3938 suc
476 3895 569 3940 sorcius
587 3907 642 3940 ense
654 3897 690 3940 le-

141 4015 193 4066 ov.
210 4013 237 4063 u
254 4013 336 4064 mue.
439 3966 484 4006 ‘¹¹⁸'

189 4123 238 4170 liet
251 4125 302 4178 tibi,
321 4127 341 4170 si
361 4125 416 4180 quid
434 4134 504 4174 ames,
524 4123 691 4168 leiiciusiine-

373 4236 377 4245 ,
442 4198 508 4232 moue
523 4187 596 4231 cedat.

139 4299 196 4348 i’ro
225 4297 254 4346 et
278 4298 375 4348 noctes
408 4305 479 4359 quae
504 4289 597 4342 coiere
621 4290 693 4358 duas

744 840 830 902 vulgo
853 847 926 888 nunc
948 847 1025 887 mera
1046 839 1205 892 coniectura
1222 839 1293 904 iegi-

724 915 801 991 Jtur,
817 921 853 970 ab
870 919 981 970 Heinsio
998 921 1113 982 prinum
1125 925 1251 987 receptu,
1267 922 1296 971 et

741 1004 839 1052 noctes
856 999 902 1051 cui
918 999 1013 1050 coiere
1028 1003 1115 1067 duce,
1131 1017 1215 1054 sensu
1226 1004 1294 1056 satu

741 1088 820 1147 apto:
838 1082 1109 1148 quidloquaroesm
1127 1085 1294 1151 mulierem),

742 1163 789 1219 cai
811 1165 886 1214 duae
908 1165 1006 1214 noctes
1024 1163 1055 1215 in
1076 1179 1163 1218 unam
1189 1167 1294 1232 coiere,

741 1246 836 1309 quibus
860 1257 912 1307 per
931 1248 1103 1310 periphrasin
1121 1249 1293 1312 significetur

741 1328 891 1380 Alcmena·
920 1331 958 1379 At
973 1331 1055 1396 idem,
1071 1335 1119 1382 sed
1130 1333 1291 1394 ullomodo,
1342 1385 1345 1392 ,

741 1411 878 1474 significet
899 1411 1038 1473 scripture
1064 1415 1178 1464 omnium
1212 1413 1292 1464 codd.

743 1497 771 1544 et
778 1497 846 1544 vett.
854 1493 927 1542 edd:
946 1493 974 1542 et
989 1495 1098 1559 noctes,
1109 1494 1292 1560 quaecotere,
1394 1485 1397 1492 “

742 1567 823 1638 decas,
841 1590 865 1639 q.
883 1586 906 1624 e.
923 1573 993 1638 qaid
1009 1577 1115 1641 loquar
1130 1577 1200 1627 illae
1220 1577 1291 1626 dom

740 1659 852 1726 stactes,
874 1658 909 1708 de
927 1655 989 1706 iltis
1015 1658 1124 1709 duabus
1152 1658 1292 1722 noctibus,

740 1734 814 1804 quae
828 1745 881 1799 (sc.
898 1741 933 1789 ud
950 1753 1031 1790 uuum
1051 1745 1235 1806 concubitum,
1251 1755 1293 1794 so·

739 1823 814 1874 iovis
832 1837 892 1874 cum
909 1825 1060 1892 Alcmene,
1083 1827 1293 1880 conficiendum]

740 1904 842 1956 coiere.
884 1907 947 1959 licit
969 1913 1059 1960 eutem
1081 1910 1214 1961 Alcmena
1234 1909 1292 1958 filio

740 1988 1085 2058 Electryouis,Myoeneu,
1099 1993 1292 2062 uxorAmplni-

659 2093 662 2100 ·
740 2073 868 2136 tryonis,
890 2073 1041 2123 Thebarum
1066 2075 1152 2138 regis:
1180 2085 1215 2122 ex
1238 2085 1293 2135 qua

741 2157 857 2220 Iupiter,
874 2169 955 2217 quum
966 2156 1079 2206 maritus
1088 2155 1208 2216 obesset,
1218 2168 1292 2204 sum-

740 2245 770 2288 tu
787 2239 845 2286 eius
862 2239 952 2286 iorum
962 2238 1123 2298 procreavit
1131 2237 1292 2287 Herculem:

744 2317 792 2382 qai
808 2317 924 2382 iupiter,
939 2321 969 2367 ut
981 2318 1064 2366 trudit
1079 2320 1149 2381 Eyg.
1167 2309 1234 2367 Eub.
1251 2320 1293 2368 29.

745 2399 916 2449 tamlldeas
941 2409 1005 2446 cum
1027 2410 1061 2446 ea
1083 2398 1296 2462 conculcatui

744 2494 833 2532 unum
854 2480 926 2532 diem
951 2481 1123 2544 usurparet,
1147 2481 1220 2532 duas
1240 2495 1294 2532 ao-

744 2566 804 2614 ctes
820 2560 1037 2628 conqeminaret.
1077 2563 1146 2614 Aliis
1168 2567 1293 2616 auotori-

742 2649 792 2698 bus
809 2647 969 2698 concubitus
987 2646 1035 2695 iile
1057 2648 1113 2696 tres
1136 2649 1171 2698 ud
1193 2660 1293 2700 novem
1310 2677 1313 2688 ι

740 2734 838 2781 noctes
858 2729 975 2780 duravit.
1008 2729 1098 2791 ileyu.
1114 2730 1149 2778 ud
1163 2729 1292 2792 Apollod

742 2817 776 2864 li.
798 2827 822 2864 c.
846 2812 870 2864 i.
909 2813 942 2863 n.
964 2813 1034 2862 xlx.
1057 2812 1098 2861 98.
1122 2824 1196 2874 seqq.
1230 2811 1294 2861 Fuit

741 2894 879 2946 Alcmena
893 2893 1038 2958 Aeschyli,
1061 2894 1197 2956 Euripidis
1215 2895 1243 2944 et
1259 2907 1293 2942 a·
1328 2881 1339 2894 “

742 2979 850 3028 iiorum.
883 2979 978 3026 Amor.
994 2978 1019 3040 i,
1037 2975 1081 3040 ie,
1097 2975 1139 3024 lo.

792 3085 911 3131 commisit
923 3087 1003 3128 noctes
1017 3083 1041 3126 in
1054 3094 1095 3126 suu
1105 3087 1162 3142 ¹votu
1176 3083 1240 3128 duas.

744 3191 824 3244 conf.
840 3188 921 3252 rrop.
938 3190 976 3252 Ii,
994 3187 1037 3252 ie,
1053 3189 1095 3238 2³.

775 3305 836 3372 los..
861 3301 1005 3353 Generum
1019 3301 1125 3368 Peliae,
1142 3305 1292 3362 Admetum.

743 3387 804 3438 vid.
827 3382 863 3437 'ed
880 3388 924 3453 V,
935 3391 962 3450 ii,
975 3388 1027 3468 m..
1054 3388 1153 3440 Exstat
1169 3387 1293 3439 Alcestis
1362 3391 1368 3402 ⁴

743 3471 886 3536 Euripidis.
920 3472 984 3523 Euit
1000 3472 1082 3523 etiem
1100 3473 1219 3525 eiusdem
1236 3485 1290 3524 uo·
1380 3493 1385 3498 ¹

741 3553 819 3605 minis
836 3556 930 3606 iubuiu
945 3556 1101 3622 Phrynioiii.
1119 3581 1153 3608 -,-
1168 3557 1222 3606 sed
1241 3567 1291 3604 ex-

741 3639 858 3701 emplum
874 3641 926 3690 iioc
942 3653 1039 3703 parum
1059 3641 1151 3702 aptum
1168 3640 1223 3699 est,
1240 3649 1292 3686 uec

740 3711 806 3786 d'uo,
828 3735 898 3784 quae
918 3724 1082 3786 sequuntur:
1112 3731 1173 3769 nam
1195 3721 1292 3767 iturum
1353 3729 1357 3738 ’

739 3806 857 3856 omnium
881 3818 959 3856 amor
983 3803 1120 3867 legitimus
1138 3795 1209 3849 tuit'
1231 3801 1290 3849 Ve-

741 3902 800 3938 rum
817 3889 885 3956 haee
901 3900 958 3936 uon
980 3886 1123 3945 urgenda,
1153 3893 1188 3928 ne
1210 3881 1292 3934 etiem

732 3959 895 4031 ¹exemplum
916 3968 985 4016 iliud
1012 3966 1045 4011 de
1062 3971 1156 4011 amore
1172 3963 1291 4020 Haemo-

742 4052 784 4100 uis
801 4053 829 4098 et
847 4049 902 4096 elia
919 4046 1116 4108 vituperemus.

775 4129 963 4188 Theseus,rex,
970 4119 1146 4188 Athenarum,
1156 4125 1225 4176 fliius
1233 4131 1291 4180 Ae.
1359 4151 1360 4158 ι

742 4205 787 4270 gei
804 4205 880 4262 (inde
902 4205 1022 4271 Aspicies
1038 4210 1076 4272 V,
1100 4210 1126 4273 l,
1148 4209 1214 4275 eu),
1231 4227 1291 4264 cum

741 4289 942 4356 Minotaurum,
963 4289 1095 4342 fumosum
1123 4287 1190 4340 iilud
1212 4306 1292 4346 mon.
