3078 4912
210 306 261 379 rr
565 275 994 374 naonnoomnnn.

183 519 187 524 -
213 485 362 566 elegiaco
383 459 482 546 sensu
502 480 627 562 p'roprio
649 497 689 543 ao
711 479 878 562 strictiori,
901 480 933 540 in
954 478 1068 560 quibus
1089 477 1226 542 hominis
1248 478 1363 543 afflicti

214 600 249 652 et
270 592 302 650 iu
322 591 493 671 longinquo
515 588 627 650 exsilio
645 585 809 669 'gementis
830 605 949 650 sensus
971 594 1004 648 et
1025 583 1228 668 affectiones,
1251 587 1361 668 queri-

213 698 351 779 moniae,
374 673 463 779 spes,
484 705 562 758 vota
584 715 624 758 ac
653 694 814 757 desideria
841 695 952 756 leniori
980 693 1032 753 illo
1054 697 1151 773 atque
1172 695 1359 778 remissiori,

214 806 267 886 qni
281 779 449 886 'elegorum
472 822 548 865 esse
570 787 695 885 debet,
713 803 867 870 orationis
891 799 999 862 habitu
1021 807 1194 874 antenore
1216 807 1362 862 tractau-

215 920 278 992 tur;
301 930 402 993 eaque
423 928 535 971 rursus
552 927 613 998 pro
635 909 823 1002 diversitate
847 908 966 970 formae
977 905 1064 966 inlll
1078 902 1260 968 dividuntur
1271 900 1360 969 clas-

215 1037 281 1104 ses
318 1019 401 1080 Sunt
388 1018 506 1079 tenim
528 1016 590 1077 alia
612 1015 654 1077 ad
675 1033 817 1091 uxorem,
840 1015 902 1075 alia
924 1011 966 1075 ad
987 1015 1121 1096 amicos,
1144 1032 1276 1094 quorum
1300 1033 1361 1074 no·

214 1127 300 1187 mina
318 1123 533 1206 reticentur,
525 1142 557 1182 ru
579 1123 650 1183 aliis
670 1123 1004 1213 variossensussnos
1008 1138 1048 1182 ac
1064 1119 1191 1198 dolores
1208 1119 1361 1208 describit

215 1249 391 1312 secumque
412 1230 483 1308 ipse
505 1213 652 1309 queritur.
694 1227 806 1289 Altera
821 1246 927 1289 eorum
940 1247 1017 1308 pars
1039 1228 1107 1288 fere
1129 1203 1362 1290 narrationibus

215 1337 353 1417 poeticis
375 1335 629 1417 adnumeranda,
652 1319 790 1417 velutl,
816 1332 893 1396 10.“
885 1355 917 1394 ιιι
943 1352 1004 1415 quo
1032 1335 1092 1396 iter
1116 1336 1251 1397 alterius
1268 1336 1362 1398 navis

215 1461 296 1505 snae
319 1443 482 1526 describit,
504 1441 552 1506 IV
556 1485 569 1526 ,
599 1441 649 1507 10.
679 1443 711 1506 iu
735 1461 796 1525 quo
826 1440 956 1504 devita
977 1459 1037 1502 sua
1058 1443 1205 1524 exponit,
1234 1442 1360 1524 111,9.

215 1552 248 1612 in
269 1570 337 1633 quo
352 1551 442 1613 'l'orni
468 1549 554 1610 unde
582 1565 697 1609 nomen
723 1556 873 1636 teneant,
905 1529 1064 1631 narratur,
1099 1549 1360 1631 lV,·2.1nquo

131 1707 135 1716 ,
215 1655 332 1719 'liberii
354 1657 531 1738 triumphus
553 1629 750 1738 describitur.
798 1655 895 1715 lriber
922 1654 1058 1737 denique
1083 1656 1135 1737 11,
1164 1657 1196 1719 in
1217 1674 1279 1737 quo
1301 1675 1362 1720 ex-

215 1753 333 1846 plicate
355 1765 480 1843 culpam
502 1779 594 1834 suam
608 1734 901 1847 napud'Principem
923 1760 1086 1852 defendit„
1100 1763 1282 1842 rectiusilli
1298 1783 1361 1846 ge-

216 1872 285 1932 neri
308 1870 508 1954 adscribitur,
532 1868 617 1951 quod
636 1871 673 1941 in,
690 1877 759 1930 arte
780 1869 909 1957 poetica
930 1871 1121 1930 didacticum
1135 1867 1284 1953 vocatur,
1300 1873 1365 1934 n'ec

174 1965 178 1972 ⁶
215 1979 244 2040 si
267 1977 439 2039 exordium
452 1986 484 2038 et
505 1977 601 2039 linem
623 1978 780 2060 excipias,
797 1963 1137 2059 ferequiequamoum
1154 1977 1362 2058 elegiacum·
1384 1995 1387 2000 ’

159 2113 163 2118 v
215 2089 311 2148 mune
332 2083 430 2146 habet
449 2094 580 2172 praeter·
598 2083 777 2160 versiculos
799 2092 832 2145 et
851 2073 1009 2156 numeros.
1132 2148 1134 2152 ,

297 2191 348 2253 De
368 2190 514 2262 laudibus
535 2191 645 2252 horum
667 2181 841 2254 carminum
869 2201 903 2253 ut
920 2192 1073 2262 dicatur,
1103 2179 1364 2260 commendantur

217 2299 429 2383 caprimum,
457 2309 493 2363 ut
523 2291 668 2360 Nasonis
696 2316 795 2379 opera
816 2281 885 2385 fere
908 2301 1032 2383 omnia,
1060 2301 1146 2362 felici
1170 2301 1308 2383 quadam
1328 2301 1363 2361 vi

111 2384 114 2392 ¹
216 2407 399 2468 inveniendi
420 2416 517 2493 atque
539 2405 766 2489 excogitandi
803 2407 889 2468 Nam
917 2416 963 2489 ut,
987 2409 1126 2489 eleganti
1152 2410 1213 2469 illo'
1226 2411 1364 2472 maximo

131 2539 134 2544 ·
216 2513 256 2574 ad
279 2513 460 2595 Augustum
483 2515 622 2595 carmine
642 2514 711 2574 libri
731 2512 879 2596 secundi-y
889 2522 922 2575 et
944 2515 1015 2576 aliis
1037 2497 1196 2598 omissis,
1215 2507 1262 2578 de¹
1284 2517 1362 2578 solis

215 2621 255 2681 iis
278 2619 400 2682 dicatur
422 2622 537 2702 elegis,
563 2621 616 2701 qui
638 2628 712 2680 sunt
733 2618 774 2680 de
795 2619 921 2700 exsilio,
937 2639 1007 2686 non
1028 2614 1364 2704 mediocris'profeoto

127 2769 132 2778 ·
216 2735 269 2788 est
301 2726 343 2787 ad
371 2727 587 2808 inventionem
615 2726 791 2806 facultatis,
818 2733 869 2790 tot
900 2734 1028 2808 tamque
1049 2728 1178 2792 diversa
1197 2731 1362 2811 elegorum

216 2842 404 2915 argumenta
426 2854 467 2895 ex
487 2852 551 2894 una
572 2832 694 2895 afflicta
716 2833 837 2894 exsulis
860 2834 1040 2896 conditione
1052 2812 1200 2918 locique
1198 2837 1363 2919 iniquitate

216 2949 373 3022 repetere
416 2940 484 3003 Sed
505 2941 546 3001 de
566 2940 629 3001 hoo
649 2941 721 3002 loco
743 2939 825 3002 inira
856 2941 996 3022 pluribus
1021 2941 1142 3028 dicetur
1164 2951 1197 3005 et
1218 2945 1363 3025 explica·

216 3051 288 3111 tius.
331 3048 468 3112 Accedit
489 3037 746 3131 singularissilla,
770 3053 833 3129 qua
855 3029 989 3110 Ovidius
1004 3050 1085 3134 inter
1099 3055 1214 3131 politas
1230 3052 1364 3114 Latinos

217 3158 354 3240 eminet,
384 3157 535 3218 alacritas
563 3154 775 3237 imaginandi,
795 3153 1043 3248 'orationemque
1076 3159 1161 3219 omni
1192 3158 1365 3240 splendore

217 3263 362 3344 ornandi,
385 3282 438 3325 res
459 3264 513 3324 vel
531 3262 775 3326 diversissimas
782 3263 917 3326 feliciter
934 3252 1150 3347 coniungendi
1164 3265 1366 3348 latentesque

194 3373 199 3384 '
215 3373 248 3432 in
261 3371 300 3432 iis
319 3369 538 3432 similitudines
553 3388 593 3453 ac
604 3369 744 3433 rationes
766 3370 992 3468 investigandi.
1023 3369 1097 3434 Huc
1110 3373 1258 3438 accedit
1250 3392 1365 3460 ingens

217 3479 309 3558 copia
323 3475 508 3539 eruditionis
525 3485 621 3559 atque
640 3475 817 3560 doctrinae,
840 3498 903 3540 non
925 3493 996 3543 eam
1007 3480 1102 3566 dico,
1126 3501 1208 3563 quae
1229 3482 1367 3561 pertinet

216 3585 257 3648 ad
280 3583 462 3666 fabulam,
454 3604 486 3644 ιιι
508 3603 569 3667 quo
590 3603 711 3667 genere
733 3593 848 3678 regnat
870 3584 1017 3669 Ovidius,
1040 3606 1144 3668 neque
1158 3587 1366 3650 calliditatem

215 3693 301 3754 illam
322 3693 354 3752 in
376 3691 492 3754 intimis
515 3691 610 3754 animi
630 3691 759 3776 humani
782 3693 931 3776 sensibus
953 3692 1157 3777 indagandiS,
1173 3694 1232 3756 sed
1251 3696 1366 3776 scien-

217 3801 295 3862 tiam
317 3799 481 3884 historiae,
503 3801 733 3883 geographiae,
756 3781 878 3861 morum
899 3808 1000 3881 atque·
1018 3801 1282 3864 consuetudinum
1302 3821 1366 3864 va·

216 3909 331 3970 riarum
351 3899 506 3990 gentium,
529 3885 634 3969 rerum
657 3908 844 3970 coelestium
865 3926 905 3994 ao
925 3909 1125 3991 naturalium,
1150 3917 1184 3970 et
1199 3907 1367 3974 Romana-

217 4035 285 4076 rum
315 4013 575 4098 Graeoarumque
602 4016 772 4077 literarum.
822 4014 938 4076 Parem
966 4013 1086 4076 habent
1113 4015 1241 4078 laudem
1270 4001 1366 4099 atque

219 4123 525 4200 commendationem
538 4122 731 4183 Latinitatis.
774 4121 861 4183 Nam
878 4131 1005 4204 praeter
1019 4125 1171 4185 orationis
1194 4119 1367 4186 candorem

218 4229 301 4290 illum
323 4230 503 4315 poeticum,
533 4247 593 4310 quo
620 4231 771 4311 pleraque
798 4229 969 4307 superfusa
990 4230 1102 4313 nitent,
1126 4249 1295 4314 genusque
1318 4230 1369 4292 di-

127 4334 130 4340 ’
217 4336 323 4421 cendi,
347 4339 440 4420 quale
463 4336 626 4418 elegorum
649 4353 724 4398 esse
748 4335 855 4418 debet,
879 4337 961 4419 lene,
985 4325 1155 4402 remissum
1181 4348 1369 4420 etcompo-
