3078 4912
601 319 918 396 Pnnnnfflo.
985 385 991 396 ,
1185 397 1188 405 ,
1289 342 1332 392 ιιι

129 483 132 490 “
182 505 323 578 niorem
347 523 499 601 opernm
518 499 647 576 Ovidii
668 503 864 579 editionem
877 481 1079 592 adornare,¹
1097 502 1133 574 in
1147 521 1330 576 commen·

183 631 278 700 tario
306 627 374 700 suo
400 623 593 700 multorum
619 649 710 723 quos
737 624 893 714 contulit
932 622 1099 699 codicum
1122 603 1247 698 varia·
1271 623 1329 698 le·

183 752 326 828 ctione·
342 772 476 847 ,parum
502 747 703 845 diligenter
728 747 863 839 attulit,
889 746 1149 848 permultisque
1174 752 1210 821 in
1235 747 1332 824 locis

184 870 233 946 de
259 865 394 945 eorum.
407 875 588 972 scriptura
612 896 658 948 ac
684 871 1017 980 discrepantia'ant
1041 893 1193 971 prorsus
1206 875 1330 962 tacuit,

181 1004 243 1069 ant
268 996 413 1070 nonnisi
438 1020 578 1097 pancos
603 995 653 1071 de
676 995 798 1070 multis
825 994 966 1070 diserte
989 995 1235 1093 significavit,
1270 1001 1334 1069 ant
1421 1036 1423 1044 ‚

180 1141 247 1194 eos
259 1119 476 1210 nominibus,
503 1119 626 1217 qualia
647 1127 732 1194 sunt
757 1122 872 1217 pauet
895 1120 1013 1218 codd,
1039 1121 1182 1217 plures,
1209 1119 1332 1206 motti,

162 1244 347 1341 aliquot,
372 1245 566 1332 meliorus,
603 1250 641 1329 et
674 1241 871 1335 similibus,
916 1244 1092 1317 universe
1124 1248 1262 1316 tantum
1294 1247 1333 1315 et

181 1368 302 1458 obiter
326 1355 637 1444 commemoravit
683 1364 810 1456 Quid?
828 1366 942 1464 ⁴quod
975 1389 1048 1440 non
1081 1388 1155 1442 nno
1178 1368 1217 1437 in
1238 1364 1330 1440 loco

181 1489 278 1564 iilud
301 1490 447 1564 humani
472 1494 670 1581 commisit,
706 1495 746 1563 nt
778 1493 810 1564 si
837 1511 930 1588 quac
960 1492 1143 1596 scriptura
1167 1491 1240 1588 ipsi
1263 1492 1332 1560 inr-

181 1614 307 1712 primis
332 1615 529 1705 arrisisset,
556 1638 627 1712 qnc
654 1616 769 1689 maior
795 1617 830 1688 ei
855 1613 949 1688 fides
974 1619 1088 1704 esset,
1112 1611 1246 1686 multos
1271 1617 1334 1703 aut

180 1735 356 1836 plurimos
382 1733 549 1830 codices,
586 1741 620 1812 si
645 1741 790 1812 nonnisi
813 1763 908 1812 unus
934 1744 973 1811 et
996 1737 1092 1812 alter
1118 1736 1183 1811 vel
1207 1736 1328 1836 pauci,

181 1863 214 1933 si
238 1857 436 1936 mediocris
461 1869 571 1935 notae
598 1861 763 1953 codices,
790 1866 946 1961 optimos
968 1865 1052 1936 sive
1066 1860 1238 1936 meliores
1251 1884 1331 1933 eam

181 1981 357 2076 exhibere
380 1983 494 2059 irriso
534 1985 722 2060 affirmarit
740 1988 793 2078 1).
852 1970 975 2075 Quare
1012 1984 1118 2060 felici
1156 2007 1245 2059 sane
1272 1981 1334 2066 ,ad

182 2095 443 2181 emendandum
469 2132 520 2184 ac.
538 2108 801 2184 restituendum
825 2109 952 2198 horum
973 2105 1168 2184 carminum
1193 2105 1333 2182 teritum

180 2229 259 2304 fato
285 2229 423 2305 accidit
447 2238 488 2304 ut
511 2235 686 2306 virorum
699 2232 757 2306 his
792 2232 912 2306 literis
939 2234 1103 2331 apprime
1129 2230 1335 2304 deditorum
1391 2287 1393 2294 ,

182 2375 271 2442 cura
296 2362 334 2430 et
357 2358 521 2452 impensa
540 2339 820 2429 Heinsianarnm
840 2354 1060 2450 schedarum
1085 2353 1333 2452 autographa·

182 2501 261 2548 rum
286 2483 325 2548 ct
348 2477 607 2552 Burmanniani
632 2483 827 2575 apparatus
861 2477 978 2551 critici
1004 2499 1134 2573 magna
1167 2502 1254 2577 pars
1285 2480 1334 2550 sit

180 2605 350 2689 servata:
388 2621 459 2696 qno
494 2599 607 2702 nobis.
635 2623 779 2698 qnoque
814 2603 1067 2701 opportunitas
1100 2608 1229 2700 parata
1261 2609 1333 2693 eut,

180 2719 341 2798 mancam
357 2723 475 2820 ‘atque
487 2725 729 2799 incorrectam
754 2724 856 2798 illam
877 2727 1097 2800 variantium
1118 2727 1330 2820 congeriem

181 2845 360 2943 angendi,
396 2847 574 2948 explendi
607 2857 717 2947 atque
750 2847 979 2923 emendandi.
1030 2849 1157 2946 Atque
1192 2870 1238 2921 ea
1273 2870 1334 2921 rer

180 2971 233 3042 ita
257 2992 299 3044 ue
325 2971 446 3046 habet.
497 2974 738 3063 Burmannus,
765 2974 805 3044 in
830 2976 934 3080 cuins
961 2987 1087 3047 manns
1112 2971 1259 3046 Heinsii
1286 2970 1334 3045 de

182 3090 321 3169 ovidio
348 3094 497 3183 chartae
522 3119 567 3171 ac
601 3096 894 3186 lucubrationes,
930 3117 1024 3192 quae
1059 3092 1205 3192 quidem
1232 3093 1335 3167 obitu

180 3215 282 3292 illius
309 3217 429 3292 adhuc
446 3219 653 3310 exstabant,
680 3241 748 3319 per
769 3217 928 3293 heredes
955 3219 1056 3292 illius
1076 3224 1333 3324 pervenerant,

179 3338 278 3414 hand
305 3340 426 3433 dubie,
453 3343 507 3415 nti
520 3344 628 3416 ctiam
652 3345 689 3415 in
715 3343 945 3442 praefatione
958 3342 1105 3418 Lucani
1129 3347 1211 3443 ipse
1236 3346 1333 3418 scri-

182 3463 247 3556 bit,
274 3465 428 3542 alteram.
449 3466 615 3540 Nasonis
649 3489 798 3566 opernm
834 3466 1030 3541 editionem
1055 3465 1246 3561 meditans,
1273 3471 1332 3540 in-

180 3596 326 3687 gentem
349 3589 614 3666 multitudinem
638 3592 866 3681 variantium,
894 3594 1051 3688 quaein
1077 3590 1242 3666 editione
1268 3619 1335 3667 sua

178 3737 252 3790 non
279 3713 575 3804 continebantur,
609 3716 705 3788 inter
740 3737 873 3790 versus
906 3722 943 3788 et
976 3719 1013 3789 in
1039 3721 1235 3815 marginem
1265 3741 1337 3792 ex·
1458 3791 1462 3798 .

181 3821 352 3937 emplaris
365 3840 749 3938 snitransscripserat,
778 3842 949 3940 imprimis
977 3840 1216 3933 ePnteaneo,
1241 3841 1333 3914 Lei·
1434 3919 1439 3923 .

189 4053 252 4062 Ρ...-
263 4053 572 4062 --ι--ο--α--ῇη--ι

233 4170 259 4228 1)
276 4173 338 4221 vu.
356 4167 439 4220 crist.
456 4171 479 4231 ι,
497 4170 524 4232 2,
541 4170 580 4218 ει.
598 4170 651 4233 oa,
684 4173 708 4234 r,
726 4171 752 4231 ι,
769 4169 821 4231 or,
860 4170 898 4231 ιι,
915 4169 972 4219 aua.
990 4132 1046 4226 ais.
1064 4174 1133 4239 rso,
1159 4179 1221 4238 ιιι,
1239 4175 1266 4237 s,
1285 4177 1339 4238 aa,
1412 4143 1416 4152 ’
1482 4203 1487 4210 -

178 4255 232 4317 ιιι,
251 4255 294 4318 n,
310 4255 362 4317 ca,
396 4252 448 4314 ιιι,
466 4252 494 4314 ι,
510 4252 546 4313 a,
579 4251 619 4314 v,
636 4253 663 4314 a,
681 4249 733 4312 ru,
765 4250 806 4332 v,
822 4250 862 4300 ra.
880 4249 920 4300 rc.
