2986 4896
258 345 332 428 us
444 343 488 417 o.
515 341 682 423 ovrou
707 341 945 425 nasonis
971 319 1229 420 rmsrmm

257 493 372 616 Indo,
395 523 475 600 levi
500 535 615 604 vento
640 525 847 625 Zerynthia
872 525 983 600 litora
1007 533 1127 616 nauta,
1206 564 1209 569 ·

307 647 517 724 Threiciam
541 655 666 748 tetigit.
687 651 792 730 fessa
815 650 939 724 carum
963 647 1111 724 Samon.

256 872 373 924 Actoris
390 887 426 924 an
447 871 580 922 Hectoris
604 873 705 922 rectius
723 874 802 936 lega-

217 949 221 956 ’
256 959 317 1018 tur,
339 969 395 1004 non
417 959 501 1006 facile
522 956 688 1005 affirmarim.
735 958 802 1005 Nam

257 1041 291 1088 de
312 1041 433 1104 Actore,
458 1039 507 1102 qui,
523 1038 551 1086 in
573 1037 695 1088 Asiatico
719 1038 803 1086 litore

256 1123 384 1172 habearit
401 1121 551 1170 auturbem
567 1119 729 1185 condiderit,
738 1121 803 1174 alibi

256 1207 322 1254 nllril
347 1203 472 1252 traditur.
513 1202 549 1250 Et
570 1213 648 1262 quarn
671 1200 805 1249 Hectoris

257 1285 443 1347 urbempoeta
460 1285 553 1347 vocet,
562 1282 718 1346 Troiamne,
737 1292 805 1344 quae

257 1371 333 1419 nulla
351 1373 405 1418 tum
428 1369 504 1429 erat,
528 1376 562 1412 ιιιι
580 1365 657 1420 ilium
675 1375 692 1410 a
709 1367 805 1424 poste-

256 1453 296 1502 ris
313 1453 502 1511 instauratum,
515 1447 566 1496 dici
585 1447 662 1496 certo
680 1458 735 1495 uon
753 1461 805 1507 po-

210 1579 212 1585 ,
257 1538 321 1597 test,
339 1517 398 1582 cum
417 1531 578 1595 praesertim
596 1531 654 1589 ipse
671 1527 755 1588 poeta
771 1529 805 1574 rie

256 1619 339 1667 litore
357 1618 480 1666 Asiatico
504 1613 664 1660 mentionem
688 1621 741 1656 non
759 1609 804 1655 fa-

258 1699 324 1762 ciat,
341 1711 429 1759 neque
446 1709 480 1745 eo
497 1707 529 1743 sc
545 1693 684 1756 appulisse
697 1692 804 1740 omniuo

257 1781 337 1828 dicat.
372 1777 464 1840 Quare
484 1782 513 1827 ut
530 1774 727 1835 expositionem
745 1777 805 1822 Me·

257 1846 336 1907 rulee
352 1871 406 1908 non
429 1847 542 1920 reticio,
558 1858 597 1906 itu
615 1868 709 1906 rursus
727 1851 805 1903 ‹lubi-

257 1944 298 2003 to,
316 1953 378 1988 uum
395 1940 466 1990 inem
481 1941 560 1989 locus
584 1941 616 1987 de
633 1940 735 1986 Lemno
754 1951 806 1998 po-

258 2023 311 2070 tius
330 2023 506 2084 accipiendus
527 2022 574 2085 sit,
597 2022 674 2070 cuius
695 2032 746 2068 rex
765 2023 806 2070 A-

257 2106 320 2153 ctor
345 2105 413 2167 fnit,
439 2106 553 2152 auctore
579 2105 651 2165 Hyg.
677 2104 708 2152 F.
737 2101 805 2163 1⁰2,

256 2187 316 2254 qui,
335 2185 515 2240 Philoctetam
543 2198 561 2235 a
585 2189 697 2248 pastore
731 2184 805 2244 regis
851 2211 852 2216 =

256 2268 367 2318 Actoris
386 2268 518 2317 nutritum
533 2268 631 2330 trariit3
657 2271 687 2315 ut
709 2277 805 2313 sensus

255 2352 310 2400 sltr
342 2351 497 2414 Postquam
528 2350 567 2402 ud
591 2348 806 2410 Hellespontum

255 2432 391 2497 vonimus,
408 2433 437 2483 in
455 2435 566 2484 lacrum
582 2432 713 2496 pientinus
735 2440 806 2478 cur-

135 2514 138 2520 “
212 2560 216 2564 .
258 2529 320 2565 sum
338 2518 365 2565 et
382 2515 416 2563 ab
434 2514 647 2578 Actorisurbo,
665 2511 833 2564 ininsula,

257 2597 370 2658 Lemno,
387 2597 416 2644 iro
430 2587 558 2645 Imbrum
570 2599 653 2652 (hauc
666 2593 735 2650 eninr
746 2593 808 2639 lm-

183 2699 186 2705 ·
258 2677 351 2726 briam
377 2679 487 2744 terram
509 2678 654 2738 intelligo)
676 2673 808 2734 proxime

258 2761 471 2826 meviqoeimos,
495 2757 561 2806 inde
584 2757 618 2804 io·
637 2755 807 2810 Samothre-

258 2842 342 2893 ciam.
377 2844 504 2893 ceterum
521 2841 598 2888 multi
611 2839 710 2900 passim
720 2841 808 2887 Acto-

257 2940 305 2976 res
338 2924 535 2985 recensentur,
569 2933 683 2982 quorum
708 2923 809 2983 tamen,
840 2953 842 2956 .

259 3011 321 3074 quia
342 3009 389 3059 vel
412 3008 440 3057 iu
465 3005 548 3055 litore
576 2988 735 3052 Thessalico
762 3002 812 3066 vel

258 3091 393 3143 Locrensi
426 3089 472 3138 vel
508 3087 588 3136 etiam
618 3086 808 3146 Peloponneso

198 3163 200 3169 Α
258 3176 428 3235 habitarunt,
445 3170 567 3219 nemoh.
584 3169 603 3218 l.
625 3168 740 3228 intelligi
757 3181 809 3228 po-

259 3260 322 3306 test.
349 3235 482 3302 Mrcrnn'.
516 3253 572 3306 Res
590 3250 715 3298 obscura.
749 3248 809 3296 He-

168 3372 173 3379 .
238 3335 349 3384 ictor-is
374 3333 553 3396 retinuimus,
572 3336 609 3380 ut
637 3315 810 3392 intelligatur

258 3418 331 3466 ilion
355 3415 460 3475 aliquot
491 3427 509 3462 a
529 3413 613 3462 litore
640 3414 738 3463 stadiis
761 3425 809 3460 re-

261 3500 396 3546 staurata.
437 3491 569 3544 Hectoris
585 3491 653 3545 rtrlrs
669 3509 720 3558 pro
746 3496 809 3558 llio,

261 3584 291 3630 nt
308 3582 380 3641 apud
396 3578 474 3640 virg.
491 3583 524 3630 A.
541 3579 585 3643 V,
608 3579 665 3628 634.
703 3577 810 3627 Hecto-

261 3660 305 3709 rei
323 3669 419 3708 coenes
436 3661 557 3710 Xanthus
575 3666 603 3708 et
620 3659 720 3708 Simois
741 3663 770 3706 et
786 3662 810 3722 1,

261 3739 318 3792 277.
335 3753 403 3805 qens
414 3742 564 3793 Hectoreo.
600 3738 770 3802 Quanquam,
786 3740 811 3787 si

260 3826 359 3874 fuisset
391 3825 418 3873 in
448 3826 550 3872 Lemno
581 3821 672 3870 insula
695 3821 811 3884 Actoris

261 3910 338 3972 urbs,
361 3906 526 3967 scripturam
547 3901 663 3951 Actoris
683 3904 810 3963 praeier-

260 4001 326 4037 rcm.
360 3977 471 4037 Merkel
494 3983 663 4046 Ophrynium
684 3987 811 4047 oppidum

1355 651 1403 721 eil

853 872 942 934 pidum
965 873 1033 921 illud
1056 871 1188 920 Hectoris
1212 872 1281 919 urbs
1305 872 1399 934 appel-

852 955 905 1004 lari
922 955 1050 1018 potuerit.
1223 945 1228 952 ⁵

888 1069 926 1118 18.
955 1066 1066 1116 Imbria
1084 1068 1174 1116 terra.
1209 1067 1325 1118 Imbros
1340 1085 1403 1132 par-

853 1161 891 1197 va
912 1149 1002 1218 insula
1023 1154 1057 1200 ad
1088 1152 1224 1199 sinistram
1247 1149 1288 1200 'ex
1311 1157 1403 1215 Agaeo

854 1234 922 1280 mari
956 1233 982 1280 in
1008 1226 1215 1293 Hellespontum
1247 1234 1402 1295 naviganti-

855 1315 914 1375 bus,
932 1329 1019 1377 prope
1045 1307 1237 1364 chersonesum
1263 1317 1404 1365 Thraciam

854 1396 925 1443 iuter
959 1398 1080 1446 Lernnou
1116 1400 1143 1444 et
1177 1397 1402 1459 Samothraciam,

854 1480 938 1538 portu
959 1471 1044 1528 clara.
1085 1477 1160 1526 Mela
1184 1479 1216 1524 ll.
1236 1489 1259 1526 c.
1277 1480 1314 1542 8.,
1336 1483 1404 1528 Pto-

855 1560 916 1609 leru.
935 1577 960 1623 p.
979 1563 1019 1610 85.
1036 1585 1069 1593 -
1376 1567 1379 1574 '

888 1657 1124 1722 (inclitissimus.
1147 1664 1214 1710 Tres
1225 1663 1304 1712 codd.
1316 1663 1403 1712 Heius.

856 1746 883 1790 et
907 1747 973 1792 vett
992 1744 1069 1804 edel,
1092 1743 1172 1792 etiam
1190 1745 1224 1792 ed
1249 1756 1290 1804 pr.
1316 1744 1404 1792 Heius.

855 1823 884 1872 r'n
904 1825 1016 1883 portus.
1061 1825 1151 1888 Gall,
1187 1814 1317 1889 riserit,
1352 1827 1405 1872 lun.

855 1912 884 1957 et
900 1909 924 1956 x
951 1907 998 1954 alli
1025 1886 1134 1970 Heius,
1163 1909 1280 1971 lmese,
1314 1908 1405 1968 Goth,

856 1993 936 2054 seg„
959 1989 1018 2037 Hel.
1045 1992 1073 2037 et
1094 1991 1135 2038 ed.
1157 1993 1259 2038 Bonon.
1289 1989 1405 2038 umbria.

857 2071 931 2118 Busl.
950 2069 1068 2118 orrrbrr'a.
1095 2061 1313 2136 ,Loiufflermct
1328 2075 1406 2123 Crer.

856 2149 991 2198 rrrnbriccss
1027 2153 1107 2201 Alter
1124 2155 1183 2202 Pol.
1203 2153 1351 2202 morto-icc.

895 2265 933 2314 19.
958 2265 1075 2328 Nacta,
1100 2273 1130 2315 ut
1153 2271 1220 2316 Met.
1243 2271 1325 2332 ΚΝ,
1351 2268 1406 2316 llo.

856 2348 959 2419 nostres
973 2347 1034 2394 -lr‘uc
1055 2348 1132 2402 litus.
1169 2352 1320 2400 construe:
1339 2348 1407 2396 Inde

859 2426 930 2490 lect,
949 2439 973 2489 q.
992 2439 1015 2475 e.
1033 2431 1121 2494 facili,
1141 2433 1238 2496 celeri,
1257 2430 1341 2478 cento
1360 2441 1405 2477 co-

857 2508 927 2557 riae
949 2510 1028 2572 fessa
1045 2513 1219 2572 Zeryntlum
1243 2515 1332 2562 oracta
1355 2517 1406 2568 (est

856 2595 917 2643 sive
951 2593 1201 2659 appropinquavit,
1236 2600 1264 2644 et
1290 2597 1406 2648 tandem)

858 2662 949 2736 lecyti
965 2676 1203 2726 Soonotlrracr'am.
1238 2680 1317 2728 Litus
1328 2681 1408 2742 igitur.

857 2758 928 2820 legit·
941 2741 1102 2808 'l'lrracicuru
1120 2759 1197 2808 navis
1214 2761 1350 2824 Nasonis,
1376 2759 1408 2806 ab

859 2839 950 2888 imbro
976 2842 1011 2887 ad
1033 2841 1134 2888 samon
1148 2841 1323 2907 'Thraeicam
1350 2847 1408 2890 ten-

860 2923 936 2969 dens.
969 2920 1037 2972 Na'm
1055 2923 1218 2984 Zerynthos
1242 2923 1271 2970 in
1286 2922 1409 2971 Thracia.

859 3006 951 3068 Steplr.
970 3000 1074 3055 Bizant.
1090 3020 1111 3054 s.
1129 3020 1155 3053 v.
1171 3000 1325 3068 Ζιὴρυιιθος.
1351 3005 1409 3052 Lis.

859 3087 1108 3138 xxxvl11.c.·ll.
1147 3089 1235 3148 Atque
1261 3085 1411 3147 Zerynthia

860 3170 1130 3231 potissiurum¹litora
1150 3180 1316 3218 memorasse
1333 3168 1409 3216 vide-

861 3256 920 3315 tur,
943 3256 973 3300 ut
990 3252 1146 3314 dignitatem
1165 3253 1206 3302 rei
1233 3251 1410 3310 conciliaret;

860 3345 920 3394 nam
952 3337 1032 3382 erant
1055 3323 1192 3395 Apollinis
1220 3333 1298 3381 cultu
1326 3332 1409 3380 olam.

861 3417 927 3466 Cum
951 3417 1149 3464 Samothracen
1173 3418 1296 3464 venisset
1318 3414 1411 3477 polita,

859 3498 949 3566 navim
971 3497 1045 3545 illam
1070 3497 1158 3546 solam
1181 3492 1286 3548 remisit
1313 3511 1411 3548 versus

860 3573 1085 3640 Hellespontum,
1108 3582 1143 3628 ad
1167 3593 1275 3628 cursum
1293 3595 1367 3630 suum
1385 3582 1412 3627 iu

862 3659 1004 3720 Scythiam
1038 3665 1066 3708 et
1082 3661 1190 3710 *lomus
1220 3665 1411 3727 peragendum.

861 3740 923 3800 lpse
940 3753 1009 3790 vero
1027 3741 1160 3802 reliquum
1185 3744 1239 3792 lter
1257 3759 1308 3807 per
1324 3748 1412 3796 Tura-

864 3823 933 3870 ciam
959 3825 1035 3895 terra
1058 3824 1183 3874 facturus
1202 3829 1300 3877 mansit
1317 3829 1343 3877 in
1362 3831 1412 3876 Sa-

863 3905 1005 3953 mothrace
1030 3907 1135 3954 et'hoc
1158 3909 1194 3957 ibi
1213 3921 1323 3958 carmen
1341 3909 1412 3958 roti-

862 3997 923 4033 vum
940 3999 971 4034 se
988 3988 1110 4036 scrihere
1128 3991 1219 4054 fingit,
1235 3995 1264 4040 ut
1280 3992 1359 4040 navis
1377 3993 1412 4038 il-
1481 4025 1482 4050 ι

261 4070 407 4130 iutelligit,
431 4069 502 4128 quod
529 4067 557 4116 in
573 4067 657 4117 litore
673 4071 756 4120 Asiae
773 4069 812 4119 si·
862 4067 907 4130 la,
933 4081 1001 4130 quae
1030 4070 1235 4132 Hellespontum
1263 4075 1413 4136 relegeret,
1481 4093 1482 4140 p

262 4153 335 4212 tum,
361 4155 389 4198 et
412 4151 458 4198 ubi
473 4151 554 4200 lucus
572 4151 624 4199 tuit
641 4152 768 4200 Hectoris
785 4141 814 4198 ἐν
863 4149 943 4198 salva
960 4152 1058 4202 'lomos
1074 4157 1243 4219 perveniret,
1262 4157 1353 4206 altera
1371 4158 1413 4204 in-

262 4232 410 4292 περιφανεῖ
423 4227 517 4300 τόπῳ,
540 4238 611 4283 teste
634 4235 725 4284 Strato.
743 4236 813 4284 xlii.
863 4245 947 4295 super
964 4240 1031 4284 vota
1048 4236 1074 4283 in
1091 4237 1145 4286 fine
1169 4237 1296 4289 carminis
1313 4241 1414 4288 addens

262 4326 288 4375 p·
306 4313 364 4366 4⁰9.
399 4317 454 4364 Sed
472 4317 577 4380 dubito,
602 4329 665 4366 num
683 4315 743 4364 ileo
762 4327 813 4374 op·
864 4321 917 4378 pro
934 4317 1208 4383 alteranavi,lquae
1225 4321 1310 4382 ipsum
1328 4334 1345 4369 a
1363 4325 1415 4371 Sa-
