3078 4912
495 419 593 532 ma
620 420 666 494 ι·
683 419 845 540 uuna.
871 422 900 496 1.
936 509 941 517 ¹

94 587 98 592 ’
130 597 252 695 Vade,
280 601 350 680 sed
374 599 548 691 incultus,
576 600 718 698 qualem
743 600 854 678 decet
878 602 1020 678 exsulis
1044 621 1147 696 eeacp

77 773 79 776 -
178 725 321 802 Infelix
340 709 505 798 -habitum
530 715 834 822 temporis'huius
859 725 964 800 habe.

131 849 218 924 Nec
243 858 282 923 te
305 833 488 948 purpureo
514 845 643 920 velent
668 852 840 922 vaccinia
865 849 970 923 fuco:

181 972 269 1047 Non
295 979 352 1046 est
377 971 602 1058 conveniens
628 968 788 1048 luctibus
814 971 882 1047 ille
908 971 1034 1061 color,

130 1169 223 1232 pacilio
239 1170 416 1234 graviorem,
439 1181 519 1232 quam
542 1169 607 1219 libri
624 1171 676 1219 ini·

127 1254 193 1303 tium
218 1252 339 1315 leuisque
355 1253 433 1302 huius
455 1249 582 1302 carminis
599 1251 677 1312 haii-

129 1341 172 1385 tus
182 1335 317 1398 admittat,
327 1335 462 1384 contineri
470 1334 610 1397 affectum,
623 1334 677 1382 ita-

128 1430 180 1480 que
196 1419 313 1466 alteram
334 1419 500 1479 scripturam
523 1413 567 1468 oei
592 1415 670 1464 miii!

127 1511 193 1564 poc,
211 1505 241 1549 nt
258 1501 307 1549 iila
318 1497 362 1547 lei
375 1497 461 1547 miii!
478 1499 557 1560 quasi
568 1512 618 1562 pro
627 1511 678 1563 ge-

128 1583 194 1631 mitu
211 1581 374 1643 interposito
385 1581 450 1644 sint,
468 1583 677 1643 praeferendam

129 1657 274 1714 exiitimet.
298 1665 360 1712 Non
377 1653 677 1726 vitupero'illamseri-

131 1749 251 1810 ptura-i,
265 1746 314 1794 sed
324 1744 403 1793 etiam
412 1744 606 1807 respiciendam
617 1756 678 1792 esse

131 1840 230 1877 censeo
247 1825 438 1878 auctoritatem
452 1829 575 1875 veterani
589 1825 677 1873 libro-

128 1924 197 1960 rum.
213 1909 290 1961 coni.
297 1925 323 1958 v.
330 1910 371 1958 18.
381 1934 412 1943 —
425 1906 555 1957 Dotatae.
574 1906 637 1957 vio.
653 1908 681 1968 1,

128 1992 252 2056 7,11..31.
263 1993 551 2041 Adsententiam'couf.
558 1988 678 2052 TristV,

128 2076 156 2140 1,
170 2077 194 2125 3.
216 2075 296 2124 Multi
314 2076 392 2124 cedd.
409 2074 462 2123 lieo
478 2071 554 2122 miti.
578 2073 677 2123 Atilius

128 2158 305 2208 Fortunatiua
323 2157 418 2206 laudat
435 2153 479 2204 iet
495 2147 571 2219 miti,
589 2167 659 2205 cunt.

157 2289 187 2358 ,1.
204 2281 343 2356 lacialiter.
362 2288 513 2346 construe:
536 2286 613 2338 Vade
627 2287 677 2344 (li-

129 2368 204 2431 ber),
220 2368 271 2418 sed
285 2368 346 2418 eine
364 2369 444 2418 colio
460 2366 615 2430 exteriore,
632 2367 678 2418 ia-

128 2439 224 2500 ctatae
248 2441 456 2508 (nominativus'
477 2462 555 2511 quem
578 2455 682 2498 vocant

127 2533 298 2596 praedicati,
335 2534 380 2581 ubi
400 2531 501 2582 Graeci
519 2519 560 2578 dv
576 2531 682 2580 addere

129 2627 215 2676 saepe
233 2615 349 2676 solent),
367 2613 611 2674 quolemssiirrum)
630 2625 681 2662 ea-

127 2695 203 2746 sotir
228 2707 290 2743 ecre
315 2694 412 2744 decet:
438 2695 503 2752 (iam
525 2696 680 2758 explicandi

128 2791 229 2830 cauasa
246 2778 333 2835 addit)
349 2775 452 2840 infelix
467 2781 541 2834 (cum
556 2780 610 2838 sis)
625 2780 679 2829 ia-

128 2862 225 2926 amm,
252 2861 360 2912 cultum
387 2861 532 2922 (quoque)
545 2860 680 2923 temporo

128 2944 210 2994 leuius
227 2944 320 3002 (Geni.
338 2958 364 2992 v.
382 2943 443 3000 tor
454 2943 533 2993 liobe.
554 2944 679 2995 Recolis

127 3029 218 3076 autem
234 3027 260 3074 ic
277 3027 296 3076 1.
315 3029 345 3076 ut
360 3028 459 3090 passim
475 3037 573 3079 nomeu
590 3039 678 3090 gene-

129 3110 170 3158 rie'
186 3111 228 3157 est
245 3119 296 3170 per
310 3110 520 3173 synecdochen,
539 3121 601 3162 mam
610 3121 679 3167 vere

130 3192 205 3242 Naso
231 3191 292 3240 erat
319 3190 470 3252 relepoluc,
500 3203 556 3239 nnn
587 3191 678 3238 ecem.

129 3274 192 3324 Vid.
209 3275 246 3337 11,
264 3274 320 3324 1³⁷.
346 3272 425 3325 Geni.
443 3275 493 3335 111,
511 3271 556 3334 1³,
574 3273 598 3320 ³.

726 1185 806 1234 quam
821 1174 937 1224 latitudo
956 1173 1125 1237 chartarum,
1141 1176 1223 1236 atque
1240 1184 1274 1224 ex

728 1260 842 1318 utraque
859 1261 938 1318 parte
953 1255 1147 1317 aliquantulum
1170 1257 1274 1317 promi-

728 1337 814 1400 nenti,
827 1339 930 1386 circu·
938 1336 1014 1399 quem
1022 1329 1188 1404 volvebatur
1199 1341 1273 1388 tetre

727 1421 798 1470 liber
809 1422 836 1470 in
846 1423 960 1470 formam
971 1421 1097 1482 cylindri.
1120 1419 1205 1468 licium
1214 1431 1273 1468 um-

730 1501 803 1550 bilici
820 1505 894 1558 (nam
919 1503 1060 1552 dicebatur
1078 1501 1225 1558 umbilicum
1242 1527 1273 1538 -

729 1585 850 1634 Martini.
874 1588 930 1649 111,
955 1586 990 1648 7,
1015 1587 1038 1634 8.
1071 1585 1183 1634 Luciam.
1207 1578 1274 1646 πρὸς

729 1659 824 1716 duaci.
858 1670 891 1716 11.
919 1683 944 1730 p.
962 1669 1019 1718 187.
1042 1691 1092 1731 -,
1119 1668 1190 1716 uude
1210 1669 1276 1714 nate

728 1750 818 1800 oratic
829 1751 863 1799 ad
873 1750 1035 1800 umbilicum
1044 1748 1150 1812 tenire,
1167 1749 1275 1798 Μαιω-

728 1825 841 1882 bilicum
857 1833 1000 1886 adducere
1011 1846 1062 1894 pro
1073 1833 1150 1882 finire
1164 1832 1274 1894 librum,

728 1904 870 1976 perticere.
895 1915 957 1966 Viri.
974 1917 1069 1963 lieret.
1086 1915 1172 1978 lipod.
1189 1913 1231 1977 11,
1249 1914 1273 1963 8.

715 1971 816 2060 ,ibique
832 1999 963 2060 interpp.)
981 2001 1074 2068 parles
1091 1997 1274 2058 prominentes

727 2082 897 2131 vocabantur
924 2091 1034 2130 cornera
1056 2084 1109 2139 (v.
1123 2081 1173 2144 8.),
1205 2091 1275 2142 quac

727 2177 778 2226 pro
796 2163 962 2226 possessoris
979 2165 1045 2214 luxu
1062 2167 1142 2224 atquc
1160 2163 1274 2226 elegan-

726 2247 765 2294 tia
791 2251 839 2296 aut
862 2244 966 2310 aurea,
997 2255 1045 2296 aut
1065 2247 1203 2311 eburnea,
1229 2251 1276 2296 cui

727 2324 808 2377 etiam
846 2329 938 2390 lignea
968 2329 1104 2389 variisque
1136 2329 1275 2378 coloribus

707 2424 709 2430 ·
731 2410 803 2470 picta
828 2413 916 2458 erant.
948 2411 1011 2458 vid.
1029 2411 1087 2459 rit.
1108 2413 1158 2473 111,
1181 2410 1276 2473 1,1u.,

730 2491 841 2540 Luciam
864 2485 934 2554 πρὸς
958 2484 1053 2540 tinam.
1090 2492 1153 2540 Vel.
1187 2493 1221 2540 11.
1251 2505 1275 2553 p.

731 2573 789 2622 387.
805 2576 833 2622 et
849 2567 911 2636 edepl
927 2571 983 2622 cciv
998 2565 1043 2622 od
1059 2571 1152 2641 μισθῷ
1169 2569 1275 2625 covdva.

731 2658 794 2708 Vol.
822 2660 842 2705 1.
865 2671 892 2718 p.
919 2657 993 2722 list,
1029 2661 1133 2708 Manet.
1160 2659 1195 2707 ad
1216 2658 1274 2711 cic.

730 2740 814 2802 Epist.
831 2737 887 2803 111,
898 2733 922 2789 71
950 2741 1029 2792 coni.
1046 2742 1119 2792 Fece
1133 2744 1225 2790 annot
1241 2744 1275 2790 ari
1320 2721 1325 2734 ⁴

729 2823 878 2875 winkelo.
895 2825 979 2887 Epist
990 2828 1024 2874 ad
1033 2825 1233 2876 Bianeon.Voi.
1242 2825 1275 2872 11.

729 2921 754 2968 p.
763 2909 819 2957 317.
836 2909 982 2958 Extremae
992 2911 1081 2958 antem
1097 2911 1189 2969 partes
1208 2917 1276 2954 con-

728 2990 815 3042 voluti
832 2989 896 3038 libri
911 2990 971 3038 eive
992 2990 1112 3052 cylindri
1135 2989 1235 3050 bases,
1260 2997 1276 3032 e

729 3072 824 3136 quibus
842 3083 947 3120 cornua
964 3071 1171 3132 prominebant,
1190 3067 1277 3129 fron-

730 3154 771 3202 tea
789 3157 830 3210 (v.
847 3153 872 3201 8.
890 3157 918 3201 et
936 3151 991 3209 11.)
1008 3154 1099 3212 erunt,
1122 3159 1191 3210 quae
1208 3149 1279 3209 iere,

730 3239 760 3284 ut
776 3233 855 3283 hodie
872 3235 899 3282 in
917 3235 1046 3284 ornandis
1062 3233 1139 3285 libris
1155 3231 1214 3280 fleri
1229 3241 1278 3278 so-

731 3319 783 3380 let,
820 3317 962 3379 postquam
1004 3320 1068 3366 ante
1103 3303 1282 3365 circumcisae

165 3408 189 3453 d.
207 3401 463 3465 Necicpurpcreo.
482 3402 679 3454 Gumhcclocc
730 3401 822 3464 erant,
836 3387 975 3452 coloribus
984 3399 1158 3464 tingebantur
1168 3410 1202 3448 ac
1210 3399 1277 3447 den-

131 3489 160 3536 et
177 3487 251 3536 inira
263 3487 312 3550 111,
330 3485 352 3534 1.
371 3487 452 3549 plura
465 3486 598 3536 librorum
609 3487 679 3547 apud
731 3490 759 3531 te
772 3483 862 3544 aliquo
880 3483 927 3538 aut
940 3477 1052 3542 pondre
1068 3488 1107 3541 [v.
1122 3482 1175 3539 11.)
1188 3483 1277 3545 polie-

128 3573 242 3620 veteres
259 3571 420 3620 ornamenta
442 3569 520 3632 sive,
546 3565 575 3618 u't
598 3567 680 3629 po'etn
732 3566 839 3615 bantur.
874 3565 996 3616 Martial.
1022 3566 1278 3630 11111,72,1.,111.

128 3665 156 3699 v.
173 3651 198 3700 9.
218 3651 297 3715 dicit,
314 3651 505 3708 instrumento
522 3653 679 3714 tangantur,
731 3649 758 3712 2,
775 3649 811 3711 8.,
828 3650 852 3712 1,
863 3648 906 3711 tt,
916 3647 967 3711 111.,
980 3650 1046 3698 lior.
1061 3649 1146 3710 Epist.
1162 3650 1185 3711 1,
1200 3649 1244 3711 70,
1254 3648 1278 3696 7.

130 3736 164 3784 de
181 3745 279 3784 corum
302 3735 411 3784 ratione
429 3747 463 3783 ac
479 3735 569 3783 forma
586 3733 680 3782 brevi·
731 3723 821 3793 'ibique
838 3731 967 3794 interpp,
986 3730 1084 3782 catull.
1103 3731 1178 3794 1,2.,
1194 3729 1279 3794 111111,

131 3821 174 3867 ter
190 3819 339 3880 exponam:
360 3819 439 3879 Apud
456 3818 593 3866 Romanos
611 3815 682 3864 liber
732 3817 769 3879 8.,
786 3813 885 3882 libuli.
903 3805 954 3875 111,
971 3812 997 3877 1,
1015 3812 1055 3862 13.
1090 3815 1134 3870 Ne,
1149 3825 1217 3861 vero
1235 3813 1279 3860 la-

134 3901 281 3952 commeat
298 3912 350 3962 pro
366 3901 549 3964 magnitudine
563 3899 681 3948 volumi·
732 3899 793 3946 bem
810 3897 922 3946 chartae
946 3898 1123 3958 acciperent,
1146 3893 1218 3941 liber
1242 3894 1280 3940 itc
1331 3941 1334 3946 ,

134 3981 176 4030 nis
192 3982 282 4031 multis
306 3986 355 4032 aut
379 3983 472 4044 paucis
496 3981 599 4032 chartis
623 3979 682 4030 siv'e
733 3980 896 4030 convolutus
914 3978 1071 4027 membrana
1095 3975 1281 4025 obducebatur

134 4063 306 4128 membranis,
315 4067 388 4114 serie
398 4067 498 4128 aptatis
508 4067 590 4126 atque
605 4077 681 4114 com·
733 4063 904 4126 (vetabatur
927 4074 957 4108 v.
973 4047 1029 4120 Ι1.),
1054 4057 1212 4118 pierumque
1235 4056 1279 4118 ip-

135 4144 231 4216 paetis.
248 4147 380 4196 Extrema
396 4145 459 4195 libri
477 4159 542 4208 pars
556 4147 616 4202 sive
633 4159 683 4196 ex·
734 4145 790 4196 sius
806 4144 871 4192 libri
890 4144 1001 4192 chartae
1018 4137 1208 4202 agglutinata,
1232 4152 1280 4190 or-

105 4239 113 4248 ·
134 4233 242 4276 cremae
266 4229 379 4278 chartae
405 4237 457 4276 ora
481 4230 555 4282 (nam
580 4239 614 4274 ex
633 4229 684 4274 ad·
735 4227 815 4273 natus
839 4235 937 4271 caussa
967 4220 1047 4270 ιιιίιιίο
1071 4225 1118 4271 aut
1146 4233 1283 4282 purpura

132 4321 217 4362 versa
227 4315 308 4372 parte
318 4309 455 4360 scribendi
471 4308 573 4357 initium
590 4308 685 4361 tiebat)
736 4310 776 4364 (v.
802 4305 840 4360 1.)
864 4303 955 4354 tincta.
994 4305 1090 4356 Tituli.
1118 4305 1165 4355 111.
1193 4306 1219 4370 1,
1246 4307 1282 4368 9.,

132 4393 236 4442 bacillo
264 4393 428 4456 affigebatur
445 4391 539 4454 paullo
555 4391 684 4454 longiori,
736 4391 818 4439 Mart.
843 4390 891 4454 111,
916 4389 942 4454 23
970 4387 1007 4438 10.
1033 4393 1060 4438 et
1084 4389 1161 4446 viii,
1185 4385 1229 4445 72,
1248 4386 1281 4440 1.,
