2988 4908
473 321 571 398 nin.
597 322 627 396 Ι.
665 320 817 408 ELEG.
842 324 908 400 lli.
1243 325 1290 400 ⁷1

141 503 213 580 siu
238 502 358 588 doluit
382 505 523 586 Mettus
549 501 660 595 tuno,¹
675 483 757 580 nuru
782 507 820 578 in
851 509 1034 580 contraria
1058 527 1191 590 versos
1241 506 1310 580 75·

191 626 345 709 Ultores
370 627 499 730 habuit
511 627 740 728 'proditionis
770 615 896 727 equos.
1260 615 1262 621 ¹

140 749 236 826 Tum
262 773 356 826 vero
382 743 548 828 exoritur
573 751 711 827 elamor
734 749 963 849 gemitusque
987 773 1157 840 meorum,

188 856 401 949 Etferiunt
423 883 585 956 maestae
610 885 763 974 pectora
789 874 888 953 nuda
913 900 1059 965 mantis3

137 995 235 1072 'linn
260 1021 353 1073 vero
379 1000 526 1089 norriux,
534 1043 541 1067 ·.
552 999 710 1074 humeris
737 1001 905 1086 abeuntis
930 999 1164 1090 inhaeream·¹

190 1121 345 1208 Miscuit¹
365 1119 459 1206 haee
483 1121 645 1228 lacrimis
671 1127 789 1200 tristia
816 1121 915 1198 dieta
941 1124 1036 1196 suis:

1239 1123 1289 1198 80

136 1301 192 1352 pro
210 1303 235 1338 v.
252 1302 319 1354 soa,
336 1291 399 1354 Sug.
417 1303 435 1339 a
452 1289 476 1340 1.
493 1303 527 1340 m.
545 1294 574 1340 et
591 1291 690 1354 reliqui
741 1293 780 1341 cu.
799 1282 862 1342 Vid.
885 1291 969 1350 heop.
993 1289 1144 1340 schneider
1170 1287 1290 1338 Gramm.

135 1383 191 1420 sun
210 1372 259 1434 est,
277 1374 349 1434 quod
366 1371 468 1434 primns
486 1373 589 1424 induxit
605 1374 690 1423 blein-
741 1371 1052 1435 nat.‚1.p.11.p.llt.
1086 1357 1238 1424 bb'eiubert.
1257 1373 1290 1419 de
1342 1411 1347 1420 .

120 1452 204 1507 ,slus
239 1449 382 1503 Revocuvi
399 1465 457 1502 meo
481 1449 532 1516 est,
550 1459 605 1504 tam
623 1468 690 1518 pro-
741 1456 825 1506 Furio
854 1451 983 1502 Bibaculo
1010 1441 1035 1513 p.
1060 1454 1116 1500 bila.
1146 1475 1175 1484 —
1202 1454 1290 1502 Porro

136 1538 203 1597 pter
232 1537 423 1586 auctoritatem
451 1540 518 1586 vett.
538 1525 691 1600 librorum,
734 1535 850 1598 ,plurimi
881 1533 944 1582 libri
977 1536 1043 1582 vett.
1067 1545 1167 1582 uersus
1197 1545 1290 1598 eutius.

136 1628 221 1678 qnam
244 1617 306 1679 quia
327 1633 366 1690 v..
380 1619 421 1666 73.
427 1649 438 1681 ,
462 1617 538 1666 culus
557 1619 690 1680 expositio
741 1621 796 1668 Sed
805 1619 844 1668 VI
854 1617 956 1680 liuius,
968 1617 1065 1665 Dresd.
1081 1620 1109 1665 et
1118 1616 1177 1665 Bel.
1190 1629 1293 1679 equom,

95 1701 99 1710 ’
137 1700 195 1747 boo
223 1699 493 1770 versu-continetur,
517 1701 604 1761 prima
625 1712 691 1761 per·
742 1703 812 1764 quod
830 1700 934 1760 flagitat
950 1711 1054 1748 sensus.
1084 1697 1292 1768 Putuiutorts.

135 1792 210 1856 sona
232 1781 380 1843 praecedit.
399 1780 689 1848 vid.ner.xvir,252.
741 1787 844 1853 Borion.
861 1793 953 1829 turso.
976 1806 1009 1817 —
1032 1783 1087 1830 sed
1108 1783 1191 1831 velim
1209 1781 1292 1845 poeta

171 1880 212 1933 to.
237 1879 286 1930 Sic
308 1878 402 1930 doluit
423 1877 540 1930 Mettus.
575 1883 690 1940 ilentior
741 1868 849 1916 f⁰⁰d¹¹¹¹¹
867 1865 919 1913 ¹¹⁰⁰
941 1849 1030 1914 Simile
1053 1866 1197 1916 misisset·
1232 1869 1291 1929 Al‘·

135 1964 700 2027 f0ftffisespt100t10,quae.afl0nnu1.·
741 1951 840 2012 paret,
870 1948 935 1996 nibil
960 1958 1020 1994 eum
1047 1947 1120 1995 aliud
1147 1947 1292 1995 declarare

135 2046 172 2094 ns
197 2047 371 2098 substituitur
392 2045 434 2096 uc
456 2045 553 2098 aurun
573 2045 688 2097 Mettus.
711 2080 715 2088 .
740 2032 877 2096 voluisse,
901 2031 951 2080 uisi
978 2043 1057 2092 quau
1074 2041 1159 2093 aegre
1186 2043 1204 2078 u
1233 2030 1290 2079 suis

135 2130 194 2177 Sed
203 2141 333 2192 nusquam
342 2131 488 2180 invenitur.
497 2129 595 2178 Nune.
605 2128 688 2188 ¹(lodd.

135 2224 227 2275 prope
250 2219 343 2262 omnes
364 2216 393 2262 et
416 2215 483 2262 vett.
501 2215 561 2261 edd.
579 2210 620 2260 sie
637 2211 691 2262 do·
719 2241 722 2245 -

137 2293 195 2344 tuit
216 2293 361 2346 Priamus.
414 2296 523 2345 Mettus
547 2295 692 2357 legendum

136 2386 211 2439 esse,
229 2375 289 2437 ipsa
308 2388 352 2424 res
370 2377 437 2426 satis
459 2377 592 2439 ostendit;
610 2377 693 2434 etsie

134 2459 221 2520 pauci
253 2457 332 2506 libri:
366 2471 435 2507 unns
461 2461 564 2508 Bonon.
591 2462 619 2507 et
653 2461 693 2508 ed.

135 2544 245 2590 Bonan.
273 2530 325 2596 (et
358 2541 455 2588 Dresd.
499 2541 543 2602 qui
581 2554 633 2603 pro
667 2541 696 2590 vj

134 2634 196 2672 sor.
221 2617 350 2678 Metitur).
385 2617 437 2684 Qui
460 2619 606 2672 Priamum
628 2625 693 2677 snb-

135 2704 303 2766 stituerunt,
314 2703 613 2768 ignorabanttabulnm.
631 2707 693 2756 Fuit

136 2793 231 2840 autem
259 2791 371 2840 Mettus,
391 2789 562 2858 (Suffetius),
592 2789 711 2840 Albani

137 2872 235 2935 pupuli
252 2874 318 2934 dux,
336 2872 381 2932 qui
398 2873 434 2921 ub
451 2871 581 2922 violatum
594 2872 691 2924 foedus

138 2959 169 3004 et
187 2954 369 3016 proditionem
386 2953 413 3002 in
435 2953 509 3004 bello
528 2939 699 3003 contrabi?

141 3029 255 3086 denotas
269 3036 351 3086 Tullii
370 3036 492 3099 Hostilii,
509 3037 692 3084 Romanorum

142 3121 230 3184 regis,
247 3119 319 3168 iussu
337 3117 408 3167 binis
429 3115 578 3181 quendripis
600 3115 629 3164 ia
647 3116 693 3190 dt-

138 3214 227 3252 versa
255 3200 408 3250 nitentibus
438 3197 566 3258 aritretus
592 3199 619 3247 et
645 3197 690 3248 dt·-

140 3283 270 3332 straetus
287 3295 346 3332 esse
364 3283 499 3347 traditur,
517 3285 549 3332 A.
567 3283 639 3332 Geli.
657 3283 689 3332 N.

138 3369 173 3416 A.
191 3367 249 3414 XX.
267 3378 290 3414 o.
308 3365 420 3430 1.,1nv.
438 3368 459 3414 1.
483 3379 508 3414 o.
531 3365 589 3428 28„
611 3363 689 3427 virg.

138 3449 172 3497 A.
191 3447 267 3511 vnn,
286 3448 342 3498 tia.
378 3448 417 3498 lb.
435 3462 461 3496 v.
481 3447 539 3497 281.

189 3541 231 3586 Vel
245 3545 292 3593 tua,
307 3553 335 3584 ne
348 3553 420 3596 genus
433 3543 477 3586 boo
490 3555 562 3596 poena
576 3555 692 3597 cognove-

438 3609 469 3652 rit
482 3621 539 3652 unus

226 3674 321 3718 Viscera
352 3675 450 3730 diversis
485 3641 557 3737 sciss'u
590 3673 693 3718 terantur

440 3741 514 3796 equis,

140 3827 280 3892 ueterum,
290 3833 328 3894 lut
345 3831 423 3880 reete
438 3833 529 3880 monet
544 3831 621 3894 ialin,
638 3843 692 3879 non

139 3909 312 3962 scribendum
342 3911 447 3963 Metius
480 3918 528 3964 aut
556 3912 690 3973 Mettium

140 4006 202 4042 nam
219 3993 326 4044 Metius
343 4009 440 4047 nonren
456 3999 578 4062 generis,
595 3997 691 4046 Mutus

139 4079 229 4127 unwan
247 4080 294 4128 vei
310 4078 419 4129 Mettus
436 4091 611 4141 praenomen.
633 4079 691 4128 Eo-

140 4163 199 4210 dem
223 4165 304 4214 modo
325 4163 529 4224 distinguuntur
550 4160 650 4208 Troilus
667 4163 696 4210 et

145 4243 270 4307 Tullius,
288 4245 374 4298 Attus
391 4249 419 4294 et
436 4241 546 4305 Altino,
572 4241 696 4290 blancus

143 4331 171 4377 et
189 4326 336 4390 ullareius,
361 4326 480 4390 thintus
506 4329 534 4376 et
558 4322 696 4388 Quintius,

740 2114 853 2162 avulsus
876 2118 961 2162 esset:
991 2125 1087 2162 verum
1109 2123 1142 2160 ea
1164 2113 1239 2162 notio
1265 2113 1292 2160 in

741 2198 794 2244 boc
827 2195 907 2244 simili
939 2195 1045 2257 seiungi
1077 2206 1132 2243 non
1158 2197 1250 2256 potest
1276 2205 1293 2242 a

743 2278 823 2328 Metti
860 2279 968 2327 scolere
1008 2283 1089 2339 atque
1129 2275 1292 2339 proditione.

744 2359 842 2425 Quare¹
855 2351 962 2409 si'vere
979 2362 1014 2408 ab
1032 2361 1128 2411 ovidio
1146 2363 1205 2420 est,
1223 2359 1293 2418 quod

745 2442 886 2491 dubitabat
912 2443 1048 2507 Heinsius,
1075 2442 1147 2492 oitra
1179 2440 1293 2502 elegan—
1351 2495 1358 2513 Ι

734 2525 810 2575 tiam
827 2528 877 2574 est

777 2623 818 2674 77.
855 2623 924 2673 Turn
951 2629 1029 2672 nero.
1065 2625 1158 2689 ilasi,
1189 2623 1293 2688 lieret,

742 2696 852 2769 Dresd.,
864 2707 924 2756 Bel.
939 2711 967 2757 et
977 2707 1059 2770 Creu.
1079 2708 1154 2756 tunc.
1166 2731 1199 2742 -
1214 2705 1293 2754 Tunc

742 2789 846 2838 eertum
875 2792 1008 2854 quoddam
1036 2793 1141 2852 tempus
1170 2789 1293 2838 indicare

741 2872 834 2922 dicunt
867 2873 1047 2935 praeteritum
1087 2872 1135 2921 vel
1172 2866 1295 2919 futurum

740 2955 819 3004 nulla
835 2959 883 3004 aut
900 2954 1058 3017 praegressi
1070 2953 1294 3018 nutsubsequen-

741 3038 777 3087 tis
802 3037 933 3100 temporis
958 3035 1054 3085 bablta
1078 3033 1199 3082 ratione:
1235 3034 1294 3080 bem

742 3121 819 3183 poni,
836 3121 880 3168 ubi
898 3112 1100 3181 a'prnegresso
1119 3118 1242 3176 ternpore
1260 3113 1295 3160 ad

743 3202 909 3263 subsequens
923 3197 1148 3262 progrediamur,
1167 3196 1237 3259 quod
1249 3194 1296 3244 alii

740 3283 852 3333 brevius
874 3285 984 3346 dicunt,
1017 3283 1075 3331 turn
1104 3281 1208 3330 ordinis
1234 3291 1296 3330 essu

740 3369 879 3416 docentes.
915 3367 977 3417 Vss.
997 3367 1036 3420 ti.
1060 3368 1088 3416 et
1110 3366 1151 3416 78.
1174 3378 1191 3415 u
1214 3368 1293 3416 bern.

739 3451 847 3500 absunt.
864 3449 920 3500 Pal.
928 3449 950 3499 1.
962 3452 990 3499 et
1000 3452 1041 3500 ed.
1049 3464 1090 3513 pr.
1097 3449 1200 3498 Heinsll
1209 3449 1294 3496 olam.
1329 3455 1333 3462 '

740 3532 884 3597 fletusque.
918 3535 986 3584 Exn.
1004 3533 1086 3595 Voss.
1104 3531 1267 3593 luctusque.-

741 3723 743 3726 .
775 3647 815 3700 78ss
841 3647 937 3700 Nudo.
973 3649 1073 3698 Pectus
1084 3647 1202 3698 nudandi
1211 3650 1240 3698 et
1251 3647 1294 3696 le-

742 3733 830 3782 riondi
848 3746 906 3782 mos
923 3733 951 3781 in
974 3745 1077 3782 summo
1100 3733 1177 3782 luctu
1196 3731 1295 3794 passim

731 3816 874 3878 tangitur.
909 3817 976 3864 Met.
994 3817 1031 3878 11,
1048 3815 1106 3864 584.

788 3908 903 3963 Plangere
923 3910 983 3951 nuda
1000 3907 1057 3950 mois
1079 3906 1178 3948 conabar
1202 3905 1294 3953 pectora

1037 3971 1127 4025 palmis.

744 4061 890 4122 cuntur,
909 4061 937 4122 a,
955 4059 996 4106 ts.
1014 4061 1042 4108 et
1059 4061 1135 4109 trust.
1161 4033 1210 4123 rv',
1238 4061 1294 4112 tut.

745 4145 842 4193 Dresd.
861 4152 998 4200 certiora.

778 4241 819 4289 79.
851 4237 923 4290 l'ttm
939 4253 1007 4296 tuno
1025 4257 1083 4296 oum
1099 4243 1198 4294 affeetu
1212 4257 1294 4308 repc-

746 4323 821 4374 titur.
