3078 4912
541 317 866 412 nnnnnnu'ro..
1206 361 1277 414 ιιι

127 519 342 618 terpolatus.
393 515 477 588 Hos
512 522 590 594 tres
620 514 770 628 codices
796 541 829 589 a
848 515 946 591 1832
971 521 1008 590 in
1033 520 1113 619 ipsa
1138 518 1275 596 biblio·
1336 535 1339 542 ·

83 725 86 730 ,
128 643 238 718 theca
264 642 369 737 regia
385 638 620 732 Berolinensi
645 642 727 738 ipse
752 636 901 712 contuli.
953 639 1109 730 Quartus
1135 651 1193 716 est
1217 644 1274 718 bia
1345 707 1348 714 .

128 764 341 838 bliothecao
365 765 492 860 regiae
516 761 755 854 Dresdensis‚
781 762 1093 858 membranaceus,
1124 766 1275 864 elegan—
1299 783 1305 804 ·

130 891 340 985 tissimeque
364 887 532 984 scriptus.
594 884 664 978 Qui
689 889 864 982 ¹quamuis
891 885 1000 961 litera
1025 891 1193 986 antiquus
1218 893 1277 981 sit,
1421 915 1425 920 ·

131 1022 248 1086 tamen
283 1002 362 1086 cum
396 1011 612 1110 pentametri
644 1012 682 1082 in
717 1033 763 1085 eo
798 1010 848 1085 ad
876 999 1180 1086 ὀιιιιιιιιιιιιᾶιιιιιιι
1216 1035 1277 1086 re-
1377 1103 1381 1110 ι

129 1137 304 1224 centioris
337 1137 468 1233 aetatis
494 1119 566 1206 una
597 1133 831 1208 autrduabus
867 1135 986 1208 literis
1018 1138 1166 1210 retracti
1191 1137 1278 1226 sint,

129 1281 203 1334 non
229 1257 324 1331 ultra
350 1241 536 1332 saeculum
561 1254 669 1330 XIV.
693 1257 844 1333 uidetur.
868 1257 1080 1334 ascendere.
1129 1259 1172 1332 ln
1198 1258 1275 1334 lta-

128 1382 182 1457 lia
214 1384 373 1481 scriptus
389 1387 470 1474 rest,
491 1381 711 1480 'signumque
739 1387 835 1479 gerit
860 1382 1014 1457 Italicae
1038 1385 1158 1478 gentis
1183 1381 1275 1456 Vis-

130 1509 242 1582 conti.
292 1504 396 1609 Idem
420 1506 582 1579 eontinet
606 1504 762 1579 Pontica
788 1514 825 1578 et
850 1495 1019 1603 Elegiam
1049 1503 1097 1578 ad
1122 1505 1276 1580 Liviam.

130 1630 241 1705 Hunc
277 1650 362 1701 sero
392 1625 634 1702 animadverti
659 1650 744 1700 esse
769 1628 914 1701 Heinsii
942 1625 1189 1721 Combianum,
1217 1632 1278 1728 qui

128 1763 247 1827 tamen
269 1775 357 1826 raro·
375 1774 455 1826 eum
480 1772 550 1826 nec
571 1760 675 1827 recte
688 1750 830 1848 'ubique
857 1751 1033 1826 laudavit.
1084 1753 1170 1854 lpse
1185 1775 1276 1828 con-

109 1931 113 1940 .
128 1877 198 1950 tuli
213 1865 249 1948 in
263 1880 345 1976 ipsa
362 1875 587 1954 bibliotheca
605 1875 821 1948 Dresdensi.
871 1876 945 1951 Hic
968 1876 1090 1951 codex
1116 1877 1276 1977 permul-

126 2005 175 2075 tis
201 2001 296 2075 locis
322 1993 510 2074 uariantes
541 1999 587 2073 ab
623 1999 752 2074 eadem
785 2025 889 2076 manu
915 2003 1182 2103 superscriptas
1207 2000 1275 2074 ha-

129 2124 203 2214 bet,
230 2146 279 2198 ex
303 2099 376 2197 uno
402 2147 448 2198 ac
472 2135 624 2223 prorsus
651 2123 802 2198 diverso
826 2124 971 2229 codice,
1001 2129 1061 2224 qui
1076 2122 1174 2199 haud
1188 2123 1275 2199 val·

39 2315 42 2322 .
129 2246 178 2322 de
213 2246 446 2347 discrepasse
477 2247 628 2336 videtur
661 2248 707 2321 ab
730 2243 797 2322 ed.
829 2251 1066 2346 Bononiensi.
1124 2247 1279 2338 Quintus
1326 2251 1329 2260 '

128 2378 187 2444 est
210 2369 450 2444 Buslidianus
475 2373 558 2445 sive
584 2367 762 2462 Collegii,
790 2369 900 2466 quod*
914 2369 1175 2450 olimlnovanii
1195 2369 1276 2460 fuit,

89 2505 99 2522 ⁸
128 2492 352 2581 numidiam,
366 2513 462 2564 nunc
478 2488 725 2566 bibliothecae
740 2491 984 2580 Universitat
959 2498 1015 2566 trs
1019 2481 1277 2578 Louaniensis.
1399 2541 1400 2550 ι

127 2615 202 2688 l'dst
186 2613 537 2716 membranaceus,
566 2606 686 2729 forma
706 2624 842 2712 octava
866 2615 1039 2718 oblonga,
1067 2621 1201 2694 minuta
1226 2619 1275 2691 li-

130 2746 228 2830 tera,
263 2737 404 2813 saeculi
431 2735 558 2829 XIV.,
591 2719 673 2842 sine
699 2739 816 2814 titulo.
869 2731 1007 2816 Decem
1030 2745 1148 2844 prima
1179 2741 1274 2816 folia

129 2863 325 2937 minoribus
351 2860 482 2951 literis,
509 2861 577 2935 sed
608 2837 725 2938 tamen
757 2865 804 2938 ab
838 2862 967 2938 eadem
999 2891 1104 2940 manu
1137 2849 1275 2965 scripta

130 2994 224 3059 sunt.
275 2986 386 3059 Hunc
411 2984 577 3103 codicem
598 2990 750 3086 primum
777 2989 932 3062 contulit
956 2988 1144 3079 Heinsius,
1173 2991 1276 3063 cuius
1333 3051 1345 3076 .,

128 3108 281 3183 collatio
308 3096 444 3182 exstat
455 3112 492 3181 in
517 3109 632 3184 biblio
634 3109 742 3218 theca
767 3111 1127 3206 regiaBorolinensi.
1171 3109 1277 3183 Eun-

132 3233 216 3306 dem
240 3234 467 3306 Burmannus
501 3254 646 3330 qnoque
671 3225 883 3309 excussisse
907 3231 1071 3324 videtur,
1109 3237 1170 3356 qui
1196 3237 1276 3308 eius

127 3359 352 3429 variantes'
337 3382 379 3429 m
406 3353 607 3453 exemplari
633 3342 811 3431 editionis
832 3381 932 3450 suae,
959 3382 1081 3478 saepe
1097 3363 1166 3446 iam
1197 3382 1274 3434 me-
1360 3375 1364 3382 '

128 3487 293 3571 morato,
340 3480 408 3555 sub
446 3482 591 3554 nomine
630 3475 772 3555 codicis
802 3471 1067 3556 Lovaniensis
1091 3485 1273 3583 apposuit.

129 3604 254 3722 Atque
288 3603 488 3678 eundem
480 3629 514 3677 ιιι
547 3604 627 3702 ipsa
662 3607 737 3692 civi
739 3613 812 3679 tate
838 3605 1048 3680 Levanii
1037 3630 1118 3706 lpse
1152 3603 1275 3679 denuo

127 3725 328 3824 diligenter
354 3728 514 3818 contulit
549 3727 647 3802 unde
678 3729 813 3802 factum
847 3737 921 3823 est,
962 3738 1003 3804 ut
1027 3733 1155 3804 variae
1179 3733 1274 3804 scri·
1324 3713 1334 3810 ¹.

41 3904 46 3912 .
125 3857 255 3950 pturae
281 3850 387 3944 huius
414 3851 556 3941 codicis
588 3855 626 3928 in
659 3856 808 3936 ,nostris-¹
829 3856 1095 3928 commentariis
1123 3867 1145 3926 a
1170 3853 1273 3925 Mer-

127 3972 279 4048 keliana
303 3969 503 4050 editione
492 4001 529 4048 m
555 3976 676 4080 multis
704 3977 925 4077 discrepent
1137 3985 1138 3990 ’

203 4098 263 4171 De
305 4099 363 4173 his
394 4099 471 4172 Vll
504 4073 619 4176 collat
621 4099 777 4182 ionibus
797 4102 984 4172 variantes
1012 4095 1153 4173 codicis
1178 4098 1274 4174 Ber·
1370 4131 1373 4144 ·

128 4225 254 4296 nensis
281 4231 319 4296 et
344 4198 567 4319 Segueriani
599 4225 705 4294 etiam
731 4218 938 4294 Merkelius
963 4227 1151 4324 excerpsit
1174 4232 1212 4298 e
1235 4227 1272 4296 in

126 4349 393 4422 commentariis
417 4346 495 4419 suis
522 4347 660 4421 criticis
683 4345 818 4438 attulit,
845 4349 907 4449 qui
933 4350 1039 4422 etiam
1051 4347 1273 4422 Berolinen-
