3078 4912
238 385 268 435 x
649 311 967 438 rnununuro.

237 548 348 639 atque
373 542 585 619 infelicibus
609 547 740 643 partim
766 545 844 618 suis
869 547 999 643 partim
1026 544 1181 618 aliorum
1206 532 1388 620 editonrm

235 667 460 740 coniecturis
495 671 662 745 tentavit.
713 665 811 743 Sunt
846 690 991 764 quoque
1023 671 1061 740 in
1097 668 1227 765 quibus
1260 691 1387 744 veram

237 793 454 890 scripturam
486 794 567 865 sine
598 771 802 889 suaculpa¹
836 793 921 864 sive
954 793 1084 866 merito
1120 790 1284 883 dederit3
1310 815 1387 868 eos

236 915 323 988 dico
348 913 468 1004 locos,
502 914 565 988 ubi
589 922 775 1013 receptam
809 939 833 986 a
862 934 905 987 se
938 935 1145 1012 germanam
1170 919 1386 1015 scripturam
1468 991 1472 994 .

234 1036 438 1111 rationibus
473 1043 513 1110 et
553 1037 775 1134 argumentis
807 1061 933 1137 parum
964 1035 1109 1112 idoneis
1146 1039 1386 1115 confirmavit.

122 1183 126 1192 ’
238 1162 409 1259 Denique
439 1160 562 1262 multis
594 1160 710 1252 locis,
744 1160 807 1234 ubi
840 1159 936 1234 illud
967 1183 1060 1261 opus
1095 1185 1181 1238 esse
1211 1165 1386 1262 imprimis

233 1283 443 1375 videbatur,
470 1287 740 1359 annotationem
775 1285 939 1359 criticam
963 1284 1100 1360 nullam
1125 1273 1276 1362 adiecit
1323 1285 1387 1360 Ao

236 1405 285 1480 de
310 1414 407 1482 statu
432 1413 556 1482 textam
590 1407 718 1482 horum
754 1410 948 1498 carminum
980 1415 1017 1480 et
1050 1407 1098 1483 de
1132 1407 1386 1510 superioribus

237 1551 362 1605 eorum
387 1531 664 1605 recensionibua
691 1531 835 1628 quidem
858 1531 1049 1606 hactenus.

310 1653 505 1728 Praesidio
529 1655 674 1744 critica,
712 1654 842 1751 quibus
872 1652 922 1728 ad
947 1656 1199 1730 recensionem
1224 1661 1385 1731 nostram

233 1779 292 1851 usi
316 1800 451 1865 sumus,
477 1799 643 1874 quaeque
667 1780 705 1848 in
732 1781 997 1860 commentarii·
1022 1782 1160 1854 nostris
1184 1782 1384 1877 proposui-

235 1924 333 1990 mus,
365 1901 517 1998 primum
542 1907 627 1974 nunt
653 1905 857 1992 variantes,
890 1926 980 1999 quas
1006 1903 1120 2001 prisci
1145 1898 1274 1977 horum
1299 1924 1383 1976 car·

232 2025 373 2096 minum,
388 2021 565 2115 editores,
593 2028 653 2122 qui
680 2033 764 2100 ante
783 2027 929 2101 Heiusii
955 2025 1203 2106 etBurmanni
1227 2030 1384 2098 aetatem

235 2146 395 2238 fuerunt,
423 2145 573 2221 elibri
599 2151 879 2247 manuscriptis
906 2153 1207 2246 excerpserunt,
1224 2146 1384 2244 Nauge-

183 2269 188 2278 ’
230 2273 319 2362 rius,
346 2269 531 2344 Hercules
559 2267 753 2362 Ciofanus,
781 2270 986 2369 Gregorius
1020 2271 1279 2372 Bersmannus,
1305 2270 1382 2362 alii,

232 2407 326 2491 quae
350 2397 389 2468 in
413 2393 609 2468 Burmanni
641 2393 805 2470 editione
832 2392 959 2469 Ovidii
985 2415 1133 2492 operum
1160 2396 1296 2468 maiore
1321 2401 1381 2468 ut·

238 2539 383 2614 cunque
421 2516 631 2617 descriptae
670 2521 912 2611 continentur.
987 2515 1204 2593 Bersmanni
1240 2515 1383 2592 codicis

189 2641 205 2728 J
232 2642 364 2737 copiae
405 2661 499 2714 vero
538 2642 645 2713 etiarn
685 2644 775 2714 satis
813 2640 1030 2736 diligenter,
1047 2646 1195 2724 notatae
1227 2647 1312 2713 sunt
1343 2643 1382 2712 in

231 2761 349 2838 tribus
381 2763 596 2836 Bersmanni
632 2761 865 2839 editionibus.
932 2759 1080 2836 Deinde
1113 2764 1241 2837 variae
1282 2744 1380 2836 scri·

99 2959 106 2968 ,
230 2892 361 2985 pturae
388 2885 556 2961 codicum
569 2885 620 2960 N.
643 2886 802 2978 Heinsii,
830 2910 880 2962 ex
904 2889 1020 2987 ipsius
1046 2886 1193 2962 Heinsii
1218 2889 1257 2960 et
1280 2886 1384 2959 Bur·-

232 3013 353 3085 manni
378 3008 528 3087 schedis
550 3009 789 3110 autographis
803 3007 1030 3111 etapparatu
1049 3004 1180 3084 critico
1207 3009 1383 3108 expletae

231 3142 340 3232 atque
374 3141 576 3211 correctae.
627 3133 766 3224 Quales
779 3169 785 3174 ·
798 3138 894 3224 enim
926 3137 964 3233 iu
989 3134 1185 3208 Burmanni
1217 3115 1380 3206 editione

230 3260 368 3330 maiore
394 3256 516 3332 adhuc
540 3264 736 3332 annotatae
762 3258 968 3348 exstabant,
993 3259 1159 3332 incertae
1184 3279 1230 3330 ac
1255 3280 1381 3356 parum

229 3377 398 3477 integrae
424 3387 546 3486 erant,
579 3387 688 3478 atque
711 3384 750 3454 in
780 3383 935 3455 maxime
969 3378 1090 3454 dubiis
1125 3401 1238 3479 saepo
1270 3378 1381 3468 locis,

229 3493 336 3601 quam
360 3502 558 3579 lectionem
570 3500 715 3602 plurimi
742 3512 780 3579 et
792 3507 917 3604 optimi
930 3503 1016 3579 libri
1028 3503 1216 3595 haberent,
1243 3502 1382 3576 frustra

231 3609 499 3725 quaerebatur.¹
544 3623 712 3726 Namque
739 3629 788 3703 N.
814 3627 1012 3730 Heinsius,
1045 3630 1148 3702 cuius
1174 3626 1381 3724 exemplum

86 3844 88 3854 Ι
232 3758 380 3826 secutus
406 3757 476 3842 est,
502 3751 568 3825 vel
593 3756 734 3851 potius,
763 3754 867 3826 cuius
892 3748 1052 3824 schedas
1078 3757 1261 3848 utcunque
1288 3771 1381 3824 con-

106 3917 110 3924 ·
230 3881 357 3974 genta
395 3881 504 3971 atque
543 3876 815 3973 conglutinatas
858 3870 978 3948 edidit
1012 3874 1257 3965 Burmannus,
1296 3877 1381 3947 sive

230 3977 363 4074 morem
379 4005 488 4096 atque
502 3977 810 4076 consuetudinem*
822 4002 997 4094 sequutus
1009 3995 1113 4070 illius
1121 3999 1270 4085 aetatis,
1296 3997 1380 4068 sive

232 4124 294 4219 qui
318 4120 444 4195 harum
471 4126 656 4223 copiarum
681 4129 767 4222 pout
791 4143 835 4194 se
868 4145 955 4198 usus
982 4141 1067 4195 esse
1091 4126 1240 4220 posset,
1276 4121 1381 4192 iucu-

235 4247 367 4337 riosus,
393 4248 477 4340 isvc
504 4245 661 4344 denique
695 4244 793 4343 quod
818 4267 891 4320 uon
904 4247 955 4330 ¹in
979 4248 1098 4321 animo
1125 4244 1270 4334 habuit,
1297 4240 1380 4345 ple-
