3078 4912
219 353 305 403 xxx
366 279 369 288 ’
488 422 493 430 ,
611 315 963 438 ,ΡΒΛΕΕΑΤΜ
1032 364 1035 370 -

218 487 291 614 τιυὶΙ
317 531 366 606 err
391 509 473 608 ipso
499 505 655 579 Nasone
681 515 744 579 ant
768 505 925 596 aliunde
941 489 1069 605 petitis
1104 491 1369 598 confirmarem,

212 634 380 729 ¹,denique
415 621 585 704 auctores
606 638 657 708 et
688 617 839 738 veteres
872 637 910 703 et
936 623 1183 706 recentiores
1204 634 1367 723 citarem,
1410 633 1413 636 ’

220 755 319 857 apud
351 779 442 854 quos
476 751 603 827 eadem
636 753 785 828 uberius
816 763 994 828 tractatae
1026 758 1296 852 reperirentur,
1330 765 1372 829 nt

156 897 160 904 '
221 886 254 956 si
281 885 361 980 qnis
387 881 651 954 aoenratiorem
682 886 719 951 et
743 878 947 978 pleniorem
972 900 1095 972 earnm
1120 881 1281 952 notitiam
1308 886 1373 954 aut

221 1001 526 1084 maioremfidem
539 1007 540 1012 ’
555 1010 760 1097 quaereret,
777 1001 910 1076 tontes
927 987 1058 1092 sciret,
1086 1015 1178 1100 quos
1203 999 1307 1074 adire
1332 1011 1373 1076 et

193 1118 195 1144 ³
221 1129 320 1203 unde
344 1107 526 1200 uberiora
543 1147 589 1198 ae
614 1124 807 1206 subtiliora
831 1133 1001 1225 repetere
1027 1133 1163 1224 posset.

198 1351 200 1356 Ι
297 1249 379 1327 Sed
404 1256 519 1322 erunt
537 1249 721 1340 fortasse,
736 1317 739 1324 ,
756 1251 817 1346 qui
843 1248 910 1323 'me
943 1252 980 1325 in
1015 1249 1086 1324 his
1105 1254 1373 1325 commentariis

222 1397 472 1474 nonnusquam
496 1373 623 1474 paullo
638 1375 882 1472 copiosiorem
894 1373 1011 1474 fnisse
1025 1383 1063 1447 et
1076 1369 1273 1450 annotasse
1299 1398 1372 1449 ex·
1509 1461 1510 1476 χ

197 1498 400 1591 intiment,
437 1491 536 1596 qnae
560 1482 754 1578 ueor'nmode
795 1500 1000 1598 potuissent
1042 1500 1166 1571 omitti.
1231 1498 1390 1573 Verum-

222 1648 329 1722 qnam
353 1622 507 1699 difficile
533 1625 592 1713 sit,
619 1625 657 1694 in
681 1622 753 1697 hoe
774 1644 911 1718 genere
929 1613 1073 1694 m'odum
1086 1623 1280 1711 invenire,
1307 1623 1368 1719 qni

141 1833 145 1839 x
196 1733 368 1845 ,quidem
393 1749 531 1845 pariter
564 1748 717 1819 omnium
743 1745 882 1819 iudioio
907 1745 1093 1846 probetur,
1118 1723 1273 1819 omnium
1298 1768 1370 1844 po-

222 1869 367 1944 stulatis
388 1865 396 1973 ‘A
407 1869 621 1960 satisfaciat,
655 1862 720 1968 uel
756 1893 811 1970 ex¹
831 1892 876 1942 eo
892 1875 1066 1968 apparet,
1094 1867 1193 1966 qnod
1219 1889 1285 1942 eos
1310 1873 1371 1969 ip-

162 2033 166 2086 f
223 2014 298 2086 sos,
326 1998 387 2092 qui
412 1993 500 2070 talia
525 1996 597 2094 ipsi
620 1995 804 2084 serib'nnt,
833 2016 982 2090 qnorum
1007 2001 1125 2086 tamen
1147 1995 1372 2090 gravissime

222 2122 260 2190 in
286 2117 356 2192 hao
381 2102 567 2215 redebet
593 2099 684 2195 esse
718 2121 937 2207 auctoritem,
971 2121 1097 2190 mirum
1126 2123 1296 2214 qnantum
1322 2117 1371 2191 de
1388 2131 1408 2193 ⁸.

203 2227 271 2318 seo
299 2243 495 2348 dissentire
510 2241 687 2316 videmus.
739 2223 862 2334 Quare
876 2228 948 2338 ego
962 2227 1077 2316 'illum
1098 2244 1197 2316 tenui
1211 2240 1369 2332 modum,

224 2370 284 2465 qni
322 2367 479 2456 oonsilio
513 2391 611 2459 meo,
637 2359 999 2472 aooomodatissimns
1039 2385 1124 2439 esse
1161 2351 1369 2452 ridebatur.

225 2488 389 2588 Cumque
420 2493 621 2590 pleniorem
655 2495 764 2566 etiam
797 2490 845 2590 ad
866 2477 1204 2590 ¹interpretationem
1239 2499 1276 2563 et
1303 2514 1371 2566 oo-

169 2663 172 2670 ·
223 2617 303 2713 pias
330 2617 580 2710 grammatices
605 2615 732 2691 horum
755 2599 1163 2688 ,carminumeditionem
1187 2616 1225 2685 in
1251 2618 1371 2688 animo

212 2719 411 2828 haberem,
438 2762 512 2812 non
538 2717 672 2833 ubique
696 2740 870 2832 intentior
894 2737 982 2811 eura
1007 2737 1102 2827 fuit,
1116 2739 1163 2812 ne
1190 2733 1275 2835 quid
1301 2755 1384 2810 ana·

224 2857 398 2951 notarem,
426 2859 525 2958 quod
550 2859 710 2934 fortasse
736 2863 875 2934 a'viris
898 2843 1087 2960 perductis
1113 2869 1150 2934 et
1174 2865 1210 2934 in
1237 2860 1294 2936 his
1319 2861 1370 2934 li-

150 2979 152 2984 ’
224 2990 316 3060 teris
348 2973 550 3059 admodum
566 2987 726 3057 versatis
740 2997 1051 3088 supervacaneum
1077 2985 1205 3059 haberi
1229 2963 1370 3084 posset,
1416 3037 1421 3042 -
1509 3039 1510 3042 ,

199 3134 357 3211 ,verum
377 3108 472 3183 illud
497 3110 619 3207 potius
633 3110 947 3207 spectaviunioe,
974 3116 1012 3181 nt
1032 3113 1219 3190 annotatio
1231 3120 1370 3202 nostra,
1509 3117 1510 3126 ’

175 3301 179 3308 .
224 3232 346 3333 quoad
371 3233 453 3306 fieri
476 3233 642 3331 posset,
662 3231 806 3306 omnino
840 3235 1005 3333 onmium
1027 3233 1229 3325 lectorum,
1264 3238 1372 3315 etiam

224 3381 377 3448 eorum,
407 3358 467 3454 qui
506 3358 543 3428 in
575 3354 638 3462 his
667 3356 929 3430 studiis·haud
945 3349 1012 3432 na
1043 3355 1157 3454 longe
1182 3361 1372 3457 progressi

181 3556 186 3562 ,
225 3485 367 3566 essent,
392 3463 591 3556 'desiderio
628 3487 666 3582 et
699 3475 780 3591 us'ni
812 3480 1072 3581 responderet,
1111 3495 1287 3586 opemque
1323 3481 1372 3580 ad

223 3603 498 3705 percipiendum
524 3611 657 3703 poetae
683 3627 829 3680 sensum
856 3604 1077 3715 commodam
1103 3613 1171 3680 aut
1196 3628 1372 3680 neeessa-

224 3731 312 3800 riam
347 3727 482 3801 nbivis-
505 3723 768 3829 suppeditaret.
827 3712 1038 3826 Quanquam
1071 3729 1248 3803 nonnulla
1282 3733 1372 3804 satis

125 3948 131 3958 .
224 3852 399 3953 expedita
430 3854 645 3950 minimeque
679 3853 835 3952 obseura
872 3879 894 3926 a
925 3875 982 3926 me
1004 3845 1231 3951 diligentins
1262 3845 1371 3950 atque

213 3956 420 4075 ¹impensius
437 3984 592 4052 traetata
605 3985 699 4070 sunt,
728 4001 831 4076 quam
858 3999 949 4076 opus
967 3983 1060 4050 ‘esse
1085 3977 1288 4052 videaur:
1319 3977 1374 4050 At

223 4099 262 4190 hi
286 4099 367 4183 fere
392 4108 476 4175 sunt
498 4100 586 4193 loci,
613 4102 807 4199 inquibus
831 4089 1085 4200 explanandis,
1113 4105 1277 4200 quamvis
1303 4093 1373 4202 pa-

223 4215 301 4298 rum
327 4218 558 4301 diffionltatis'
582 4224 770 4317 haberent,
797 4225 1006 4324 superiores
1029 4223 1194 4308 editores
1208 4210 1373 4324 graviter
1443 4321 1445 4329 y

113 4329 117 4336 ’
224 4350 351 4454 lapsos
371 4355 456 4427 esse
469 4371 687 4452 repereram.
738 4337 874 4450 Igitur,
887 4365 940 4422 ‘ne
953 4349 1159 4424 huiusmodi
1186 4350 1373 4424 erroribus
