3078 4912
485 363 894 466 raounoommn.
1217 385 1267 462 rs

86 587 90 596 '
116 575 261 639 deantur.
303 573 411 654 Atque
434 569 475 632 de
494 537 547 650 his
567 547 648 634 locis
664 535 773 650 'paullo
796 569 957 650 copiosius
980 565 1206 649 disputandum
1226 587 1266 629 e-

116 685 168 758 rit,
191 681 284 764 ,quod
311 699 351 741 ea
380 678 524 760 quaestio
545 677 697 758 imprimis
719 678 879 759 pertineat
901 673 948 742 ad*
962 675 1072 737 horum
1093 675 1267 738 carminum

121 781 279 850 rationem
296 784 517 867 explicandam
528 793 623 866 atque
634 782 862 850 illustrandam.
895 784 947 845 Ac
957 783 1058 863 prima
1069 783 1122 845 illa
1136 783 1266 863 vitupe-

116 895 201 956 ratio
223 892 295 975 quid
316 893 541 975 veri'habeat,
565 891 610 976 ita
631 891 750 972 optime
777 888 934 980 declarari
954 888 1083 988 uidetur
1104 889 1132 952 si
1151 889 1266 970 singu·

120 1002 219 1064 lorum
231 987 657 1081 carminum'argsumenta*
668 1016 742 1061 nam
755 996 795 1058 de
813 996 1003 1061 diversitate
1019 996 1152 1078 generis
1172 995 1268 1058 modo

118 1107 236 1172 dictum
250 1114 310 1168 est
329 1143 373 1174 -,
394 1103 576 1187 diligentius
598 1105 780 1187 inquirimus
792 1113 890 1186 atque
904 1107 1087 1166 lustramus.
1128 1106 1167 1170 ln
1186 1104 1267 1166 libro
1374 1181 1380 1190 .

116 1216 140 1276 I.
163 1223 297 1296 questus
313 1212 366 1306 *de
394 1211 478 1274 tristi
505 1212 609 1274 exsilii
635 1221 749 1278 natura
778 1220 810 1273 et
830 1212 995 1296 iniquitate
1017 1211 1099 1274 illius
1121 1211 1203 1274 coeli
1225 1195 1266 1274 ac
1291 1247 1294 1254 =

76 1389 78 1394 ,
114 1321 257 1403 regionis
280 1329 313 1382 et
333 1321 538 1400 incolentium
560 1306 706 1382 barbaria
733 1338 833 1401 prope
860 1320 935 1381 nulli
955 1327 1047 1403 sunt,
1075 1305 1208 1402 quippe,
1231 1326 1266 1382 ut

79 1483 84 1488 .
116 1447 215 1510 supra
238 1427 415 1511 docuimus,
437 1428 470 1489 in
491 1428 563 1508 ipso
584 1419 695 1514 itinere
718 1435 752 1488 et
772 1427 939 1489 anteeius
961 1426 994 1486 in
1015 1425 1182 1507 Scythiam
1203 1425 1266 1490 ad-

114 1545 250 1598 ventum
272 1535 458 1614 composito.
500 1534 538 1595 ln
557 1530 698 1624 carmine
718 1534 743 1595 1.
765 1533 852 1616 quo'd
867 1531 1079 1614 praefationis
1094 1531 1165 1594 loco
1188 1549 1266 1594 esse
1303 1549 1307 1554 ·

94 1621 96 1626 ¹
119 1625 270 1723 diximus,
290 1641 446 1728 praecipit
465 1639 556 1724 libro,
580 1639 748 1724 quomodo,
772 1659 844 1703 oum
867 1641 911 1708 sit
932 1657 1013 1720 opus
1034 1638 1143 1701 miseri
1163 1657 1267 1706 exsu-

115 1749 156 1810 lis
179 1757 212 1810 et
230 1743 382 1830 Angusto
403 1747 510 1832 invisi,
529 1746 563 1810 in
574 1747 661 1811 Urbe
674 1767 713 1810 se
729 1755 832 1830 ¹gerat.
856 1827 858 1834 Α
874 1748 1019 1810 Alterum
1030 1747 1173 1809 continet
1182 1749 1267 1826 pod-

114 1864 169 1918 tae
191 1871 310 1918 sensus
333 1862 367 1916 et
386 1874 503 1935 preces
524 1851 917 1942 per-vehementissimam
939 1863 1176 1938 tempestatem,
1192 1871 1265 1917 cum

112 1963 193 2026 mari
221 1963 310 2024 Ionio
338 1963 371 2023 in
392 1951 561 2046 Scythiam
581 1943 784 2044 profecturus
809 1963 1000 2046 navigaret,
1029 1971 1179 2025 coortam.
1228 1963 1266 2024 ln

109 2071 165 2130 ΠΙ.
187 2069 403 2135 tristissimum
423 2088 516 2132 suum
538 2089 558 2134 a
580 2071 647 2134 suis
670 2079 767 2144 etex
787 2071 873 2133 Urbe
895 2067 1077 2134 discessum
1099 2067 1263 2136 describit.¹

110 2174 228 2242 In-IV.
251 2159 538 2259 nova-tempestas
563 2173 636 2242 sive
667 2179 870 2258 tempesta-tis
898 2197 974 2258 pars
1002 2185 1038 2244 ot,
1063 2159 1265 2244 novomodo

113 2281 313 2372 describitur.
355 2286 454 2348 ln·V.
472 2283 633 2348 collaudat
650 2285 847 2367 singularem
865 2284 959 2345 amici
971 2282 1147 2369 *cuiusdam
1167 2282 1265 2345 fldem

112 2397 148 2451 et
169 2390 200 2453 in
222 2391 363 2453 amicitia
385 2394 629 2477 constantiam,
643 2381 676 2452 et
696 2392 846 2453 miseriae
867 2408 947 2466 suae
969 2389 1163 2471 gravitatem
1185 2407 1267 2471 qne-

110 2495 199 2556 ritur.
241 2496 469 2572 lavauxori
489 2497 614 2576 gratias
637 2497 717 2578 agit,
741 2495 919 2578 quodbona
933 2515 994 2558 sua
1010 2495 1183 2582 amaligno
1204 2493 1267 2556 ho-

110 2599 201 2664 mine
224 2600 413 2688 defenderit.
457 2603 496 2664 -In
523 2597 594 2666 Vll.
617 2602 818 2670 commendat
845 2605 948 2668 amico
975 2623 1032 2686 pro
1049 2612 1264 2666 monumento
1309 2593 1313 2600 ’

109 2709 165 2772 sui
185 2689 406 2788 imperfectum
428 2727 509 2789 opus
529 2710 844 2792 Metamorphoseon.
886 2713 924 2773 ln
944 2713 1029 2776 Vlll.
1052 2716 1130 2776 oum
1145 2712 1262 2797 amico,

111 2815 165 2897 qui
185 2815 291 2894 ipsum
311 2801 459 2884 miseriae
480 2826 624 2899 tempore
646 2819 827 2902 reliquerat,
842 2821 1044 2901 expostulat.
1086 2821 1124 2884 In
1144 2822 1201 2882 IX.
1223 2840 1263 2882 a·
1333 2849 1338 2854 ·

111 2923 229 2984 micum
250 2931 412 3006 precatur,
435 2933 470 2986 ut
490 2933 627 3008 summa,
651 2917 856 3014 qua-valeat,
877 2925 1070 2991 ‘auctoritate
1092 2935 1189 3010 atque
1212 2926 1262 2988 dl·

111 3027 206 3090 cendi
228 3029 383 3092 facultate
409 3049 560 3096 caussam
589 3051 681 3095 suam
710 3033 793 3115 apud
816 3035 1000 3115 Principem
1021 3031 1184 3102 defendat.
1226 3036 1264 3096 ln

109 3136 151 3197 X.
172 3137 294 3219 navim,
318 3155 380 3219 qua
402 3137 580 3202 Cenchreis
602 3139 858 3202 Samothraciam
878 3149 996 3202 vectus
1018 3147 1099 3220 erat,
1123 3147 1157 3200 et
1179 3121 1262 3218 quae

111 3241 187 3302 inde
208 3243 267 3302 iter
288 3245 320 3306 in
342 3244 516 3326 Scythiam
534 3253 567 3307 et
588 3247 707 3308 'l'omos
723 3255 805 3308 'erat
830 3255 1026 3329 perrectura,
1056 3246 1177 3330 laudat,
1202 3247 1263 3310 do-

112 3353 231 3429 cteque
252 3347 413 3431 descripta
434 3360 503 3418 tota
522 3355 578 3416 via
600 3355 716 3418 faustis
738 3371 810 3442 eam
821 3355 975 3417 ominibus
988 3354 1197 3439 prosequitur.
1223 3357 1261 3422 ln

110 3455 166 3517 XI.
180 3465 316 3519 excusat
327 3460 501 3547 carminum
516 3461 585 3523 libri
604 3463 628 3524 1.
652 3463 851 3548 tenuitatem,
874 3460 958 3545 quod
978 3463 1059 3526 inter
1079 3441 1260 3547 tempesta-

110 3568 162 3624 tes
185 3570 218 3624 et
238 3565 381 3645 pericula
402 3568 499 3629 maris
520 3569 586 3631 sint
607 3571 793 3651 composita.
835 3570 932 3644 Liber
953 3571 1003 3654 lI.,
1022 3567 1119 3654 'quem
1140 3574 1260 3636 rectius

110 3670 221 3748 generi
243 3649 399 3735 didactibo
421 3674 560 3740 adscribi
582 3676 729 3762 diximus,
762 3698 842 3760 opus
871 3688 923 3742 est
950 3681 1066 3743 ommia
1086 3681 1258 3764 varietate,

112 3776 214 3858 copia,
239 3779 403 3860 elegantia
424 3802 464 3847 ao
493 3783 653 3848 doctrina:
686 3793 721 3848 ut
748 3806 768 3849 a
795 3788 906 3868 peritis
929 3788 961 3850 in
982 3788 1163 3852 melioribus
1178 3787 1259 3850 'Na-

111 3883 200 3945 sonis
212 3887 402 3952 carminibus
422 3901 566 3972 ponatur.
609 3894 646 3955 ln
666 3893 821 3976 Lelegia
839 3894 909 3957 libri
920 3896 973 3958 111.
987 3885 1110 3958 libellus
1124 3878 1196 3974 ipse
1209 3894 1260 3954 lo-

111 4007 212 4070 quens
234 3992 407 4080 inducitur,
441 4000 597 4081 quomodo
625 4002 657 4062 in
684 3999 771 4064 Urbe
793 4003 836 4064 sit
856 4000 1017 4081 receptus.
1059 3998 1172 4062 Altera
1191 4001 1260 4081 pri-

107 4115 179 4160 mos
202 4102 321 4166 exsulis
343 4103 418 4184 post
441 4105 615 4170 adventum
637 4109 669 4170 in
679 4108 849 4189 Scythiam
860 4105 978 4190 sensus
995 4105 1144 4169 continet.
1177 4108 1259 4172 Ter-

105 4206 150 4268 tia
172 4210 315 4272 continet
337 4210 551 4291 querimonias
572 4213 604 4273 in
625 4212 762 4294 Scythia
790 4213 988 4294 aegrotantis
1015 4233 1055 4277 ao
1083 4212 1123 4278 de
1153 4218 1259 4282 salute

106 4310 310 4395 desperantis
337 4336 585 4400 supremumque
614 4316 656 4381 ad
683 4335 815 4382 uxorem
842 4320 926 4382 vale.
973 4315 1010 4385 In
1031 4324 1087 4388 IV.
1115 4323 1258 4388 hortatur
1288 4387 1296 4396 ,
1366 4401 1378 4414 ε

47 4505 52 4516 Ι
103 4421 256 4504 amioum,
278 4432 314 4484 ut
334 4442 394 4486 suo
417 4426 565 4507 exemplo
587 4445 710 4516 suaque
732 4429 916 4518 calamitate
937 4431 1075 4499 monitus
1096 4432 1179 4494 intra
1197 4433 1259 4497 ιω·
