3078 4912
341 1171 1094 1292 Pnonncorfflmr.

585 1435 858 1446 -—-———-----...-..

140 1583 261 1704 Libri
279 1609 443 1714 idatium,
466 1635 499 1695 in
520 1634 634 1716 quibus
654 1631 789 1707 Ovidius
803 1635 887 1697 mala
906 1633 1009 1696 exsilii
1023 1631 1073 1695 sui
1092 1640 1126 1694 et
1146 1626 1283 1715 omnino,
1379 1717 1382 1724 Ι

143 1763 226 1827 quae
248 1743 386 1836 animum
415 1758 506 1803 suum
528 1750 608 1822 post
635 1742 779 1804 relictam
809 1739 1123 1832 exsulandiucaussa
1151 1739 1288 1820 patriam

140 1851 285 1934 graviter
306 1849 459 1930 affecere,
482 1849 645 1932 tractavit,
668 1851 709 1910 ab
731 1849 801 1930 ipso
822 1857 954 1930 poetaa
972 1847 1080 1929 rebus,
1104 1862 1185 1928 quas
1208 1865 1288 1908 cou-

140 1960 252 2034 tinent,
275 1957 419 2019 tristibus
431 1964 515 2052 'sunt
536 1956 679 2036 inscripti
686 1975 695 2037 3
718 1954 801 2052 quod
822 1956 1026 2018 manifestum
1047 1961 1099 2016 est
1120 1973 1162 2014 ex
1182 1953 1286 2033 Epist.

143 2049 184 2128 de
205 2066 299 2130 Pout.
319 2066 346 2148 1,
371 2063 401 2146 1,
425 2062 487 2144 15,
505 2062 562 2122 ubi
583 2061 658 2124 illud
679 2063 750 2143 ipse
772 2062 892 2124 diserte
914 2069 1062 2143 testatur,
1077 2059 1135 2150 ⁴his
1158 2061 1286 2156 verbis:

275 2209 418 2276 Invenies,
440 2207 562 2272 quamvis
578 2221 640 2260 non
662 2213 705 2260 est
721 2209 841 2272 (boram
858 2207 1061 2270 Ponticorum)
1071 2206 1287 2259 miserabilis

736 2293 837 2343 index
849 2291 906 2352 (ec.
921 2293 955 2340 ot
974 2277 1150 2354 brictium),¹
1332 2361 1336 2367 .

240 2443 242 2450 Α
305 2375 368 2426 Non
384 2375 471 2426 minus
487 2377 541 2426 boc
557 2375 761 2438 (Ponticorum
779 2374 867 2436 opos)
884 2375 934 2424 illo
950 2375 1041 2436 triste,
1059 2376 1130 2434 quod
1150 2375 1214 2422 ante
1227 2371 1289 2424 dedi
1326 2387 1332 2400 ³

641 2485 643 2490 ,
701 2474 702 2480 ¹
738 2455 832 2518 (qood
849 2456 892 2504 esi
907 2467 980 2516 opus,
998 2452 1161 2516 Tri-etium).

139 2581 212 2665 Quo
231 2573 306 2647 ioco
329 2587 427 2648 etiam
448 2586 610 2667 declarat,
646 2602 710 2666 qua
735 2583 935 2664 potissimum
962 2561 1136 2648 re'Tristia
1157 2605 1178 2649 a
1198 2586 1287 2650 Pon·

140 2693 215 2753 ticis
238 2679 434 2774 discrepent,
458 2691 600 2752 nimirum
620 2699 748 2772 praeter
769 2691 849 2752 tituli
871 2679 1089 2758 diversitatem
1111 2711 1169 2777 eo,
1201 2691 1297 2775 quod·

140 2799 174 2860 in
201 2798 346 2860 Ponticis
372 2800 499 2861 nomina
531 2817 654 2883 eorum,
685 2799 727 2860 ad
754 2815 835 2881 quos
849 2800 989 2882 ¹singula
1017 2801 1158 2863 carmina
1185 2802 1287 2863 missa

139 2913 266 2988 essent,
290 2903 461 2987 addiderit3
484 2925 566 2987 quae
587 2907 619 2968 in
640 2907 789 3000 'l'ristium
803 2909 1005 2992 carminibus,
1028 2909 1107 2971 solis
1124 2909 1180 2992 iis,
1203 2926 1287 2989 quae

138 3019 214 3075 sunt
234 3011 277 3074 ad
298 3031 441 3095 uxorem,
458 3013 631 3096 exceptis,
662 3012 702 3074 de
722 3013 878 3077 industria
897 3017 1042 3100 reticuit,
1070 3033 1113 3077 ne
1133 3015 1214 3097 illis,
1244 3011 1287 3076 ad

138 3138 219 3202 quos
254 3119 460 3202 scripsisset,
496 3139 535 3180 eo
564 3120 722 3182 amicitiae
751 3123 859 3196 officio
888 3131 1038 3204 noceret,
1071 3121 1287 3204 invidiamque

139 3227 316 3291 concitaret
336 3227 503 3308 Principis.
545 3226 624 3290 Vss.
648 3227 695 3288 17.
718 3235 751 3287 et
774 3227 822 3288 18.
893 3253 896 3260 ’
1046 3217 1048 3220 ’

272 3375 363 3427 Rebus
382 3375 453 3425 idem
467 3372 539 3435 (boc
556 3375 742 3426 Ponticorum
759 3376 861 3440 opus),
879 3374 959 3426 titulo
982 3375 1092 3441 differt,
1118 3355 1147 3427 et
1169 3367 1286 3440 epistola

168 3537 173 3544 '
235 3611 242 3620 ¹
299 3523 368 3592 ‘Non
385 3540 528 3594 occultato
543 3540 664 3607 nomine,
680 3472 770 3592 missod1
772 3462 868 3591 ldddtrd
886 3562 969 3614 -h-s-
983 3533 1028 3576 -·'
1069 3579 1072 3584 .

219 3668 289 3733 Sed
310 3671 489 3754 quaeritur,
512 3679 615 3734 utrum
636 3671 828 3734 inscribendi
849 3673 932 3756 siut,
966 3670 1056 3754 sive,
1090 3665 1175 3751 quod
1200 3665 1285 3731 idem
1363 3653 1376 3734 f

138 3783 209 3860 est,
245 3796 265 3839 a
290 3786 388 3858 poeta
418 3779 563 3874 inscripti
596 3781 659 3841 sint
689 3781 842 3842 brictium
870 3781 965 3856 libri,
998 3799 1041 3840 an
1062 3779 1101 3838 de
1125 3777 1285 3838 Tristibus
1335 3867 1338 3878 ¹

138 3885 222 3945 libri.
265 3885 396 3948 Vetusti
416 3886 485 3946 libri
507 3886 705 3950 dissentiunt.
748 3887 889 3972 -Dresd,
919 3887 1048 3969 bragm.
1075 3884 1159 3946 Rev.
1165 3928 1177 3966 ,
1194 3885 1284 3966 Pub,

136 3989 266 4074 branc,
289 3983 396 4054 Gueif.
417 3993 450 4055 in
472 3996 564 4056 calce
585 3996 654 4058 libri
674 3995 715 4058 V.
738 4004 771 4057 et
791 3994 993 4058 hauddubie
1014 3992 1104 4054 multi
1116 3991 1168 4050 alii
1181 3989 1285 4050 Hein-

138 4087 221 4158 siani
230 4106 341 4162 tenent
357 4099 548 4181 scripturam
555 4101 736 4166 brictium·
749 4102 875 4184 Reliqui
889 4099 980 4163 codd.
995 4107 1028 4160 et
1042 4094 1285 4159 vestustisimae

138 4200 211 4264 edd.
238 4223 348 4269 omnes
369 4202 608 4289 inscriptionem
628 4211 815 4290 praeferunt
836 4211 875 4267 de
905 4201 1073 4266 Tristibus.
1116 4203 1184 4268 Sed
1210 4202 1285 4270 huic

136 4309 334 4395 inscriptioni
350 4313 484 4395 primum
496 4313 605 4375 obstat
625 4315 706 4374 ratio
729 4323 825 4396 atque
843 4311 1038 4395 significatio
1052 4312 1192 4404 ipsorum
1205 4331 1285 4378 ver·
1325 4333 1328 4340 ¹

136 4419 255 4484 borum.
297 4421 385 4486 Nam
406 4423 446 4484 de
461 4421 622 4484 b'riotibua
643 4421 713 4484 fere
733 4419 928 4506 liberasset,
950 4421 1066 4506 inquo
1089 4422 1131 4506 dc
1148 4409 1284 4487 tristium

989 4583 992 4586 .
1038 4519 1086 4587 ι*
