3006 4890
236 345 312 421 sm
404 285 462 417 r.
488 339 658 418 ovmn
683 337 924 416 Nasonis
950 337 1209 418 rarsmom
1249 437 1256 448 ‚

236 525 348 602 Alter
368 523 532 614 humum,
560 523 608 598 de
634 525 914 622 qua·fingantnr
937 517 1085 626 pocula,
1112 529 1305 618 monstrat,

286 647 461 746 Quaeque
488 648 600 724 docet
624 647 765 746 liquido
790 645 888 722 mete
912 651 963 721 eit
986 657 1072 750 apta
1096 672 1209 724 mero.
1317 647 1390 722 too

236 752 348 849 'l'alia
372 773 518 848 fumoso
543 771 719 846 luduntur
743 794 867 847 mense
892 771 1109 868 Decembri3

288 899 392 988 cuae
418 896 549 971 damno
575 896 668 978 nulli
695 898 946 996 composuisse
971 885 1051 970 fuit.
1084 885 1086 889 ¹

153 1078 158 1086 -
238 1023 309 1098 His
334 1043 407 1121 ego
434 1019 612 1120 deceptus
638 1043 712 1100 non
737 1022 858 1118 tristia
882 1023 1043 1096 carmina
1066 1021 1162 1112 feci3

290 1143 372 1222 Sed
398 1145 513 1218 tristis
537 1151 695 1250 nostros¹
709 1167 831 1245 poena
855 1151 983 1218 secuta
1009 1146 1125 1219 iocos.
1190 1232 1193 1238 ,

241 1395 333 1459 cocu,
367 1393 449 1445 cres.
467 1395 495 1444 et
511 1397 554 1444 ed.
570 1395 673 1445 Bonon.
693 1407 790 1444 causa.

241 1505 274 1516 -
283 1479 464 1542 ipseovidius
482 1479 552 1528 idem
569 1479 677 1527 fecerat
689 1479 716 1526 in
726 1489 791 1527 car-

171 1553 175 1558 ’
242 1565 312 1618 mine
329 1577 379 1613 suo
398 1561 618 1613 deMedicamine
629 1560 723 1625 faciei,
741 1571 791 1608 cu-

242 1648 284 1696 ius
301 1647 482 1722 fragmentum
498 1648 634 1708 superest.

197 1810 201 1814 ·
274 1793 332 1845 488.
358 1790 604 1856 Hicepulislepes.
637 1792 713 1859 Quid
721 1795 792 1857 pne-

244 1881 273 1927 ts
298 1877 326 1926 in
352 1877 440 1926 animo
466 1877 583 1940 lrabeat,
618 1889 674 1926 non
698 1879 793 1943 liquet.

244 1956 407 2020 Zoelarum
435 1960 511 2021 depes
540 1945 657 2024 Intelligi
681 1965 793 2021 possent

244 2038 488 2106 Hedypiapeticc,
524 2041 616 2103 qualia
648 2043 794 2105 scripsisse

243 2125 358 2181 linctum
384 2125 469 2174 tradit
485 2125 642 2180 Athenaeus
668 2125 741 2196 Vm.
765 2129 794 2176 et

245 2211 291 2259 111.
298 2242 309 2273 ,
332 2208 469 2270 inquibus
493 2210 668 2269 expresserat
685 2208 793 2258 Arche-

244 2294 360 2346 stratum
386 2291 540 2355 Graecum,
574 2291 604 2340 ut
628 2295 727 2341 auctor
752 2295 795 2341 est

246 2374 385 2437 apuleius.
419 2375 587 2428 Burmannus
604 2373 734 2438 inteiligit
751 2375 794 2434 le.-

243 2467 293 2519 pes
310 2458 429 2520 bibendi,
447 2469 513 2519 quas
530 2457 558 2505 iu
575 2457 663 2519 epuiis
681 2459 709 2505 et
726 2469 795 2506 con-

245 2539 325 2588 viviis
342 2540 493 2600 hospitibus
508 2541 538 2588 ct
552 2538 677 2587 convivis
690 2539 796 2590 diceret

245 2621 368 2688 dominus
401 2621 463 2668 sive
493 2620 626 2682 magister
664 2620 796 2682 convivit,

241 2704 322 2752 sorte
347 2700 487 2764 delectus,
521 2702 554 2748 de
579 2711 630 2761 qua
657 2713 689 2749 re
705 2702 795 2751 omnia

244 2782 387 2838 notissima
407 2786 471 2833 sunt
492 2794 527 2831 ex
544 2783 675 2846 Horatio,
700 2783 744 2845 qui
761 2780 802 2831 e-'

246 2864 311 2924 tiam
333 2864 454 2927 lepesin
479 2867 573 2924 eedem
595 2877 633 2934 re¹
654 2865 719 2916 dixit
736 2868 793 2918 Sat.

245 2949 283 3014 11,
300 2951 326 3012 d,
344 2949 384 3004 68,
426 2945 489 3003 vid,
511 2941 652 3006 Heindorf.
676 2952 711 3006 ad
728 2950 795 3020 lior.

93 3094 97 3101 s
149 3091 151 3095 ,
246 3035 304 3090 sat.
320 3035 358 3097 ιι,
374 3033 477 3120 assa.

281 3167 339 3223 teo,
369 3169 468 3219 lirano.
502 3165 611 3226 doceat.
668 3168 734 3220 Pal..
759 3169 796 3232 2.,

240 3251 351 3310 ΙΒιθιειιι.
376 3253 405 3299 et
431 3251 458 3299 11
493 3251 540 3300 alii
564 3251 662 3300 fletus:
686 3253 796 3302 decens.

241 3332 307 3388 ¹iun.
324 3330 424 3380 medio.
465 3336 524 3383 Duo
546 3331 644 3386 nitido.
691 3334 749 3390 Pal.
773 3333 796 3390 1.

249 3421 375 3481 quaeque
391 3412 459 3468 dcte
476 3410 588 3483 liquide,

283 3525 341 3576 481.
363 3525 474 3589 „Talia
495 3531 616 3584 carmina
640 3537 796 3598 perideum

252 3613 450 3671 componuntur
464 3625 555 3666 meuse
565 3613 747 3678 Deccmbri;“
755 3632 796 3678 sc,

249 3705 303 3755 quo
313 3693 471 3745 Saturnalia
478 3698 698 3762 celebrabantur,
708 3703 736 3749 et
744 3699 795 3756 ior-

249 3777 366 3826 muuitas
376 3789 393 3826 a
404 3781 557 3830 muneribus
568 3783 795 3844 publicisetsum-

251 3874 296 3911 ma
320 3863 346 3912 in
373 3862 444 3911 omni
470 3877 573 3928 genere
596 3866 710 3914 libertas
727 3869 796 3920 erat.
843 3891 846 3900 ·

250 3947 325 3999 suet.
343 3937 403 3998 ssot.
421 3961 445 4005 c,
463 3950 503 3999 71.
542 3947 631 3998 Aleae
653 3960 798 4002 renuerem

251 4031 331 4104 nullo
347 4017 430 4105 modo
448 4031 579 4094 aspama-
597 4031 798 4097 itemtquesim·

222 4123 229 4135 ·
250 4111 368 4180 pliciter
406 4117 435 4164 et
469 4117 569 4183 palam
588 4116 800 4166 *oblectamenti

175 4185 181 4191 ’
252 4203 364 4259 caussa,
382 4195 467 4250 etiam
484 4211 586 4249 senemr
612 4203 647 4250 o'c
661 4201 798 4264 prester-

251 4287 336 4339 quam
353 4277 614 4345 decembri-meuse,
638 4282 704 4331 otiis
726 4295 797 4346 qaro-

194 4393 198 4398 -
252 4357 404 4430 quiescetis
426 4360 617 4434 profestisque
638 4362 742 4420 dietus,
763 4381 796 4400 ⁴

841 1395 903 1444 vid.
921 1393 1046 1446 Macrob.
1064 1395 1174 1445 saturn.
1191 1395 1212 1442 1.
1230 1404 1254 1442 c.
1271 1392 1394 1456 metio,

841 1477 915 1542 lips.
933 1479 1043 1528 saturn.
1060 1481 1081 1527 i.
1100 1490 1124 1528 c.
1141 1479 1246 1542 2-4,
1270 1477 1394 1527 caeresi
1480 1507 1481 1524 r

842 1562 969 1623 inscript.
987 1574 1011 1610 c.
1029 1561 1053 1612 8.
1071 1576 1097 1624 p.
1116 1560 1173 1612 482.

810 1669 813 1674 ’
876 1659 1013 1724 Fumoso,
1035 1661 1070 1708 ab
1090 1659 1152 1722 igne
1170 1659 1205 1706 ad
1228 1657 1320 1722 frigus
1338 1659 1395 1722 pcl-

842 1741 952 1814 lendum
974 1741 1094 1791 incenso.
1139 1740 1329 1790 Decembri
1350 1754 1394 1792 re-

842 1911 911 1958 vctt.
930 1909 1005 1970 edd,
1029 1907 1082 1955 nisi
1099 1908 1170 1968 quod
1187 1908 1298 1956 Medon.
1319 1910 1349 1956 et
1365 1919 1394 1954 e·

842 1990 896 2039 lius
929 1990 1022 2040 Heius.
1047 1987 1230 2052 Decembris,
1270 1993 1346 2052 quoni
1364 1990 1395 2038 ab

843 2073 972 2137 Heinsio,
996 2076 1025 2122 ut
1041 2075 1071 2136 Ι,
1085 2071 1138 2136 11,
1156 2073 1196 2137 d,
1214 2071 1334 2134 primum
1351 2085 1395 2122 re-

844 2160 954 2218 ceptum
971 2167 1045 2204 nunc
1060 2156 1120 2204 iere
1137 2168 1188 2217 pro
1207 2155 1326 2217 vulgata
1348 2159 1394 2204 est.

843 2219 917 2285 Idem
939 2234 1063 2287 Heinsius
1086 2249 1121 2286 ex
1143 2249 1196 2306 uno
1220 2239 1300 2286 Beris.
1325 2227 1396 2288 dedit

840 2317 963 2383 fumosi,
998 2321 1069 2381 quod
1103 2319 1184 2369 etiem
1217 2320 1278 2367 Bel.
1306 2320 1395 2370 habet

844 2403 967 2464 Denique
984 2401 1123 2466 Heinsius,
1140 2401 1278 2452 variantia
1298 2404 1394 2464 ubique

844 2483 942 2545 cupide
968 2483 1136 2549 arripiens,
1151 2484 1221 2549 sum.
1246 2483 1395 2546 induatur,

847 2579 906 2614 cum
936 2566 1026 2635 prima
1047 2579 1101 2634 suan
1118 2569 1160 2616 ed.
1183 2568 1395 2636 etpaucissimis

846 2650 925 2698 codd.
943 2673 976 2684 -
992 2649 1103 2703 Merkel
1120 2649 1245 2711 scripsit:

896 2775 960 2830 Talia
974 2775 1083 2818 luduntur
1102 2775 1190 2886 inmboso
1201 2787 1284 2830 mense,
1297 2778 1397 2823 Decem·

1158 2843 1185 2887 ri.

844 2949 929 3004 mare.
964 2952 1026 3001 vid.
1045 2953 1078 2999 ed
1095 2954 1119 3016 1,
1139 2951 1181 3015 11,
1198 2954 1223 3002 8.
1312 2999 1316 3003 .

879 3083 936 3134 492.
964 3083 1041 3144 Quae
1067 3084 1171 3136 domno
1193 3081 1269 3134 nulli
1292 3093 1316 3134 ε’.
1332 3083 1395 3150 furit.

847 3165 894 3216 sic
914 3169 979 3218 Vat.
1004 3167 1048 3230 1.,
1062 3169 1176 3234 ¹(ducit,
1201 3172 1316 3234 Bersm,
1340 3169 1396 3218 Pal.

845 3251 884 3314 2.,
902 3251 992 3315 Gali,
1019 3249 1114 3314 uera,
1131 3253 1204 3300 Mor.
1216 3265 1269 3313 pro
1287 3269 1314 3302 v.
1332 3237 1397 3316 scr,

847 3331 874 3380 V
895 3331 943 3380 alii
968 3335 1059 3383 Heius.
1085 3338 1113 3384 et
1138 3335 1257 3384 eiusdem
1280 3337 1322 3386 ed.
1345 3350 1397 3398 pr,

848 3414 908 3473 Rei.
926 3417 954 3462 et
971 3416 1052 3464 Gotir.
1071 3443 1103 3452 -
1119 3416 1228 3478 Reliqui
1246 3416 1355 3470 codices
1371 3421 1399 3464 et

848 3487 918 3552 vett.
934 3500 1000 3570 cdd.¹
1011 3510 1082 3561 quiue
1098 3497 1156 3548 iam
1173 3511 1230 3548 non
1249 3500 1304 3548 ciii
1322 3513 1396 3550 cum-

847 3578 976 3640 posuissc
1000 3576 1102 3644 nocet,
1131 3593 1199 3643 quae
1221 3585 1397 3646 scripturas

847 3663 1032 3722 grammaticis
1055 3664 1167 3715 invente
1192 3676 1255 3714 esse
1278 3667 1397 3728 videtur,

848 3748 878 3796 ut
896 3749 1000 3807 tempus
1015 3747 1093 3798 verbi
1103 3750 1220 3810 tempori
1231 3751 1398 3813 reliquoru-

846 3829 995 3884 verborum
1011 3833 1277 3894 accommodaretur.
1308 3834 1397 3884 Beroi.

847 3923 904 3960 eron
920 3911 996 3966 altis.
1015 3913 1114 3986 klieris·
1130 3915 1211 3977 qnod.
1247 3917 1328 3966 Serv.
1347 3927 1399 3964 ao-

848 3994 920 4043 c‘cat.
960 3997 1070 4048 Pirckir.
1085 3999 1179 4054 docet.
1213 4001 1289 4054 Unus
1309 3998 1398 4055 usius.

848 4091 939 4142 consp.
957 4081 1033 4134 licet.

882 4197 938 4248 493.
966 4197 1031 4250 Non
1051 4197 1150 4249 tristia
1167 4203 1195 4251 et
1211 4199 1307 4252 tristis
1333 4209 1398 4248 vcr-

848 4281 956 4332 scitii.
977 4284 1029 4333 sibi
1052 4289 1234 4353 opponuntur.
1278 4285 1355 4335 cont.
1373 4296 1399 4330 v.

847 4365 904 4416 241.
922 4369 950 4420 et
967 4365 1024 4420 242.

837 1827 995 1889 .ροςιιίηιιιε;
1013 1824 1054 1873 sic
1071 1823 1141 1872 enim
1160 1835 1254 1871 omues
1272 1825 1355 1872 codd.
1369 1827 1394 1872 ct
1481 1839 1482 1880 ι
