3078 4912
249 343 300 418 ao
435 343 476 416 r.
504 341 670 417 ovmu
694 308 930 420 nnsoms
956 339 1212 466 rarsmum

253 523 373 614 Vade,
401 522 507 615 liber,
527 495 731 622 'verbaque
756 527 846 606 meis
872 525 958 600 looa
982 532 1088 622 grata
1111 526 1252 600 saluta:
1348 527 1410 600 15

305 644 522 746 contingam
547 656 661 740 uerte,
687 672 759 748 quo
784 650 885 737 lieet,
912 649 978 722 illa
1003 646 1110 747 pede.

216 805 221 810 ·
250 768 297 846 Si
322 757 415 869 quis,
440 780 481 846 ut
503 775 542 846 in
565 772 715 874 populo,
743 775 858 848 nostri
883 795 956 847 uon
981 775 1163 846 immernor
1189 770 1309 880 illie,-

302 894 347 972 Si
374 899 465 993 quis,
494 900 566 994 qui,
594 895 681 993 quid
706 919 822 992 agam,

251 1081 381 1129 mancerias
399 1079 426 1128 te
449 1076 596 1128 recusabit
620 1077 648 1126 et
671 1076 799 1128 lacrimis

252 1175 300 1212 eus
316 1162 489 1225 forteresse
506 1160 607 1212 sentiet
622 1159 681 1210 siue
697 1157 799 1208 enati-

252 1243 348 1294 mndit.
389 1243 503 1294 Serrtint
526 1249 569 1296 est
593 1242 798 1308 praecipientis:

253 1323 472 1391 perevaserit„
495 1327 609 1392 sentiat,
627 1327 700 1402 seint
718 1329 755 1391 (Ι,
772 1329 798 1390 3,

252 1409 319 1472 tlt),
336 1421 393 1457 esse
403 1411 437 1460 de
447 1409 576 1461 lacrimis
590 1405 695 1476 faetus.
719 1411 798 1460 Prior

252 1493 390 1554 scriptura
407 1495 493 1556 primo
511 1483 799 1558 adspectu'praestare

254 1576 372 1642 videtur,
401 1582 496 1640 utpote
520 1578 611 1640 aptior
629 1579 663 1624 ad
682 1575 798 1624 restrin-

169 1723 172 1729 r
252 1659 368 1719 gendum
386 1662 469 1721 (quod
487 1664 570 1720 poeta
587 1659 689 1716 voluit)
698 1691 709 1722 ,
721 1695 723 1702 .
735 1657 800 1706 libri

254 1746 368 1804 propter
377 1747 470 1802 turpes
478 1741 576 1790 lituras
585 1743 722 1802 pudorem.
740 1742 799 1790 Ve-

253 1838 312 1875 rum
322 1827 454 1886 quomodo
465 1825 511 1874 ille
522 1825 573 1872 lroe
585 1825 653 1885 lpse,
670 1835 727 1871 non
740 1836 799 1872 mo-

254 1907 336 1970 nime,
347 1908 449 1956 sentire
459 1907 584 1968 poterat;
595 1907 623 1954 et
632 1908 718 1953 utram
728 1906 799 1954 seri-

255 1994 361 2051 pturam
380 2001 432 2037 uno
447 1999 531 2050 prope
550 2000 685 2036 consensu
707 1970 800 2050 optim

254 2073 332 2119 codd.
342 2075 370 2119 et
380 2073 445 2119 vett
457 2061 538 2118 eddi
552 2071 630 2119 —Ad
640 2073 799 2121 sententiam

255 2153 290 2200 cf.
301 2154 350 2216 ill,
364 2152 389 2215 1,
406 2152 444 2200 11.
454 2153 561 2202 —Gall
569 2152 667 2216 faetus
684 2156 717 2203 de
726 2157 800 2204 lucr.

254 2237 283 2284 ln
303 2237 384 2298 Sego.
409 2249 463 2284 uss.
486 2237 501 2285 9
524 2239 551 2285 et
573 2237 612 2286 10.
636 2243 698 2299 post
715 2255 742 2288 v.
761 2235 800 2290 il.

189 2336 192 2344 ’
254 2319 390 2380 leguntur.

289 2427 327 2475 11.
344 2429 409 2475 Post
426 2425 539 2487 primum
557 2427 623 2478 illud
641 2431 768 2480 monitum
785 2441 803 2478 a

255 2525 281 2558 v.
300 2507 388 2558 3-11,
407 2511 441 2557 ad
460 2511 515 2558 alla
533 2512 695 2561 transiturus
706 2529 724 2576 ,·
735 2513 802 2561 illud

255 2592 326 2641 oudo
343 2592 417 2648 (vio.
436 2607 461 2641 v.
476 2595 513 2650 3.)
526 2597 589 2655 apte
598 2595 705 2655 repetit.
723 2594 801 2644 conf.

256 2689 281 2722 v.
290 2674 330 2722 m.
349 2669 497 2738 Vertisque
506 2675 581 2724 meis.
608 2667 801 2738 ller.XVl',⁷l.

304 2757 365 2802 Neve
384 2739 523 2813 recusarem,
544 2761 619 2804 verbis
632 2761 693 2804 Iovis
704 2742 803 2815 'imperat

545 2829 694 2880 (Memmius)
707 2851 733 2859 -

292 2922 329 2971 lli.
349 2921 407 2981 Quo
426 2922 500 2972 lieet.
526 2912 607 2987 vulg.
626 2921 757 2985 qrrolibrty
775 2925 803 2970 et

255 3006 295 3054 sle
324 3007 394 3071 out,
416 3009 472 3057 Fa·
490 3009 571 3072 lieu,
585 3007 649 3055 nal.
672 3007 714 3069 2.,
736 3006 803 3055 Exc.

256 3091 335 3144 voss.
361 3093 388 3139 et
410 3093 436 3139 11
459 3092 506 3140 alii
523 3088 662 3140 Heinsiani
684 3090 711 3135 et
736 3091 803 3136 vett.

255 3172 315 3220 edd.
330 3176 442 3232 praeter
459 3175 561 3222 Bonon.
579 3171 686 3232 Reliqui
704 3168 805 3222 vetusti

255 3253 319 3303 libri
335 3268 428 3305 omnes
446 3267 499 3318 qreo
524 3253 606 3316 licet,
633 3255 702 3314 quod
728 3256 804 3302 recte
833 3277 836 3282 ·

256 3338 401 3386 revocavit
418 3337 552 3388 Heinsius.
584 3336 652 3390 Nam
679 3349 804 3398 compes

257 3419 292 3466 sit
309 3431 374 3481 pars
393 3419 518 3481 eorporis
527 3450 538 3481 ‚
563 3420 592 3466 et
608 3429 656 3479 pes
675 3403 804 3467 versiculi

257 3501 374 3565 dicatur,
392 3501 461 3568 ludit
478 3503 560 3564 poeta
573 3501 622 3550 tali
634 3503 694 3550 fere
709 3503 803 3550 modo:

256 3581 326 3632 Uram
348 3583 421 3644 pede
442 3580 576 3644 eorporis
600 3597 634 3634 eu
651 3585 716 3633 toea
735 3597 804 3633 cort-

258 3665 365 3728 tmpore
380 3664 602 3729 1101111111,
616 3679 647 3715 eo
662 3668 817 3729 certeque

257 3751 339 3808 (uno)
350 3749 423 3812 pede
440 3749 468 3798 11
477 3759 492 3798 e
501 3751 536 3798 et
553 3755 604 3808 (se.
616 3752 726 3806 versus)
735 3761 805 3798 con-

258 3828 373 3893 tinuam.
392 3828 550 3895 Quanquam
567 3835 643 3883 lusus
661 3833 710 3882 ille
721 3834 806 3882 inse-

256 3926 325 3964 vero
336 3913 385 3963 illo
397 3916 522 3964 carminis
530 3915 621 3966 habitu
632 3919 806 3980 atqueargu-

256 4001 346 4045 mento
360 3999 454 4057 paullo
467 4000 594 4062 argutior
609 3998 724 4048 videtur.
740 3999 806 4056 ¹sed

208 4133 217 4146 ἱ
256 4077 433 4144 vm.1,t‚to.
448 4085 498 4144 lli,
515 4082 588 4147 l,12.
611 4083 704 4130 Amor.
716 4082 766 4142 111,
781 4079 826 4144 1,'

240 4160 334 4208 ,8.10.
353 4161 430 4212 conf.
442 4163 522 4214 Trist.
534 4163 584 4226 lli,
603 4161 645 4226 14,
662 4165 686 4212 S.
704 4168 732 4212 et
749 4168 805 4213 not.

255 4244 291 4294 ad
317 4245 341 4307 1,
365 4245 392 4310 7,
418 4247 442 4295 8.
466 4272 500 4305 ,-
524 4243 689 4307 Corrtiapma
716 4251 806 4296 nutem
894 4265 897 4275 ’

204 4401 214 4412 .
257 4337 311 4376 uon
328 4331 372 4377 est
385 4329 516 4390 optantis,
534 4331 564 4376 ut
575 4329 670 4390 putant
683 4329 741 4408 iulii,
758 4329 806 4378 sed

849 896 947 970 forte
972 898 1143 993 requirat,
1171 899 1262 984 erit3

850 1079 1037 1129 coniunctivae
1062 1077 1164 1139 primae
1182 1090 1317 1140 personae
1335 1079 1407 1130 sin-

847 1161 952 1224 gularis
969 1161 1074 1223 positus
1091 1163 1152 1224 est,
1176 1163 1407 1224 quemadmodum

850 1243 935 1304 prima
952 1226 1068 1306 pluralis
1091 1257 1140 1304 pro
1162 1244 1324 1305 imperativo
1342 1262 1405 1309 po-

849 1325 932 1388 nitur,
950 1329 1044 1387 estque
1062 1328 1253 1378 constituentis
1271 1335 1299 1378 et
1308 1342 1405 1392 agen-

849 1408 898 1456 tis:
916 1406 989 1456 Lusa
1005 1401 1076 1456 mica
1096 1408 1229 1458 betreiea
1264 1411 1406 1472 Imprimis

848 1490 920 1552 apud
954 1489 1090 1538 Nasonem
1133 1491 1261 1554 frequens
1296 1493 1404 1543 oratio.

848 1573 929 1621 Trist.
947 1574 971 1634 1,
989 1572 1015 1634 3,
1033 1573 1085 1636 67,
1110 1575 1201 1622 Amor.
1228 1569 1320 1638 1‚'1s,
1345 1577 1406 1640 17.,

849 1652 1014 1716 111,1,29,
1039 1654 1104 1701 ller.
1128 1657 1152 1717 1,
1179 1656 1231 1719 711,
1253 1659 1326 1706 Fast.
1346 1659 1404 1720 111,

849 1738 901 1797 11,
919 1737 983 1810 Met».
1001 1739 1038 1801 11,
1056 1740 1114 1788 til.
1135 1765 1165 1772 -
1181 1741 1256 1802 seg„
1272 1739 1344 1789 Grev
1360 1746 1402 1792 et.

849 1819 941 1869 remi.
959 1831 1013 1882 quo
1038 1819 1105 1868 licet
1127 1819 1138 1868 1
1146 1833 1188 1869 re
1212 1823 1299 1885 pede,
1327 1828 1404 1885 quod

850 1905 920 1952 houd
946 1904 1025 1952 dubie
1057 1905 1138 1953 etium
1163 1899 1240 1954 multi
1262 1906 1405 1956 llelnslani

850 1986 1011 2035 habuerunt.
1115 2007 1116 2014 ¹
1249 1986 1257 2000 '

885 2099 923 2146 17.
942 2098 1018 2147 11111.
1046 2103 1143 2150 Dresd.
1162 2087 1256 2164 prov.
1275 2102 1305 2164 l.,
1321 2103 1402 2150 Serv.

852 2186 879 2230 et
897 2183 1002 2242 quidam
1020 2183 1067 2232 alli
1084 2184 1176 2233 lleins.
1202 2197 1261 2231 cum
1283 2184 1402 2232 eiusdem

852 2267 894 2312 ed.
903 2277 943 2326 pr.
961 2267 989 2312 et
1006 2266 1072 2314 Vlll
1089 2267 1148 2314 edd.
1161 2265 1403 2315 saee.XV.t'tli.—

826 2387 828 2392 .
852 2349 962 2410 Frane„
977 2350 1054 2413 Pet,
1081 2349 1165 2412 Gall„
1189 2349 1281 2409 Bern,
1299 2345 1404 2410 seron,

852 2415 924 2493 Bel,
942 2431 1035 2498 Creu,
1061 2432 1128 2491 lieg.
1153 2443 1204 2492 pro
1230 2445 1255 2478 v.
1273 2430 1304 2493 1.,
1329 2431 1402 2477 Mor.

853 2525 903 2575 pro
921 2527 946 2560 v.
964 2511 985 2559 l.
1003 2515 1030 2560 et
1052 2508 1099 2560 alil
1124 2512 1247 2561 nonnulli
1266 2513 1356 2561 lleins.
1373 2515 1404 2560 et

852 2595 948 2644 Dresd.
966 2592 1028 2640 illo.
1059 2595 1116 2643 Pal.
1137 2595 1170 2658 1.,
1195 2595 1298 2657 Guelt,
1322 2595 1404 2657 lteg„

855 2680 938 2738 mora,
956 2675 1041 2738 nusi,
1058 2663 1147 2740 uum
1164 2677 1284 2739 utrem,
1302 2678 1339 2724 vr
1356 2676 1405 2724 arn

853 2759 946 2808 lleins.
963 2761 990 2805 et
998 2759 1039 2805 ed.
1056 2759 1121 2806 Bon.
1138 2757 1282 2809 immemor
1297 2759 1404 2807 enatat.

854 2840 931 2902 litte,
949 2842 1019 2902 quod
1035 2838 1135 2902 primus
1151 2843 1256 2904 recepit
1266 2840 1405 2904 HeinsiuS,

855 2926 1015 2974 coniectura
1027 2922 1401 2986 estzinzerlingiiPromuls.

854 3009 921 3060 Crlt.
940 3019 963 3056 e.
981 3007 1034 3068 sa,
1052 3005 1130 3053 codd.
1147 3005 1216 3053 nulli
1240 3011 1405 3071 agnoscunt,

854 3091 905 3139 nisi
930 3089 989 3138 R'el.
1016 3099 1117 3148 prov.
1144 3100 1198 3136 ser·
1237 3088 1347 3138 Exstat
1369 3102 1405 3138 ex

853 3174 948 3236 glossa
965 3172 1019 3228 est
1035 3169 1094 3217 Illo
1108 3169 1172 3217 aliid
1187 3170 1319 3232 originem
1329 3186 1405 3223 suam

854 3241 955 3304 uenere
972 3237 1093 3303 libraris
1117 3253 1244 3314 videtur,
1270 3254 1314 3314 qui
1337 3254 1405 3302 rouo

854 3340 888 3387 ut
911 3338 941 3386 in
966 3337 1074 3397 poplite
1099 3348 1153 3384 non
1178 3336 1406 3398 satlsintellige-

854 3424 928 3484 rent,
952 3420 1042 3480 itaque
1065 3419 1173 3480 popello
1197 3415 1264 3466 itto
1291 3420 1408 3467 eonion-

854 3495 976 3567 gerent.'
1005 3504 1102 3551 Restat
1129 3501 1240 3562 antiqua
1257 3503 1346 3551 forma
1362 3501 1407 3550 1111

855 3599 906 3648 pro
924 3584 995 3648 illie,
1013 3597 1092 3646 quam
1109 3585 1137 3633 ln
1154 3585 1283 3634 'ferentia
1300 3585 1325 3633 dt
1339 3584 1407 3633 Vir-

855 3671 921 3732 gilio
931 3669 989 3717 iure
1001 3668 1101 3730 probat
1110 3668 1242 3718 Donatus.
1268 3668 1322 3715 Sed
1331 3667 1407 3715 Naso

856 3753 992 3814 antiquam
999 3749 1151 3799 orationem
1160 3761 1214 3797 non
1223 3752 1303 3797 amat.
1314 3744 1408 3811 Quare

856 3846 956 3897 sequor
973 3831 1120 3889 Heinsium.
1138 3855 1171 3864 -
1193 3830 1230 3877 Ut
1245 3829 1274 3878 ia
1290 3832 1408 3894 populo,

856 3932 894 3967 sc.
921 3913 1052 3966 credibile
1078 3917 1132 3982 est,
1159 3914 1205 3962 vel
1224 3914 1284 3962 fieri
1309 3915 1408 3977 potest.

857 4002 980 4049 Modesto
998 3997 1066 4046 haee
1092 3997 1178 4044 verba
1196 3998 1295 4046 addita.
1330 4000 1407 4046 Pont.

858 4083 907 4143 lv,
925 4085 953 4143 5,
972 4079 1013 4128 11.

907 4175 930 4220 si
945 4175 1004 4230 quis,
1018 4181 1043 4218 ut
1057 4174 1080 4216 iu
1090 4175 1181 4228 populo,
1197 4173 1295 4228 quisuis
1307 4178 1330 4216 et
1341 4173 1408 4215 unde.
1446 4187 1451 4200 ·

913 4241 916 4246 '
1156 4240 1297 4294 requiret-

857 4331 934 4378 Pout.
952 4331 976 4390 l,
994 4329 1021 4390 7,
1042 4329 1079 4378 15.
