3054 4886
383 411 388 416 .
495 343 593 418 LIB.
619 345 687 420 IV.
726 344 878 422 mulie.
904 349 952 421 11.
1012 365 1017 374 '

1217 351 1292 428 35⁷

137 529 189 606 bit
213 534 343 632 cernei
368 525 497 602 vultus
523 528 608 602 aliis
633 553 701 628 pro
729 535 892 630 tempore
918 535 1063 621 versos,

187 651 397 728 Terribiles
423 650 509 725 aliis
534 654 831 750 immemoresque
857 657 924 726 sui.

74 875 78 880 Ι
138 777 300 870 Quorum
324 801 411 876 pars
438 797 569 850 causas
595 784 718 852 eires
745 781 952 880 et‘nomina
978 787 1149 874 quaeret3
1242 784 1290 855 25

186 902 284 977 Pars
309 900 460 989 referet,
480 901 653 996 quamvis
678 904 826 976 noverit
850 887 932 1000 ipsa
956 924 1099 999 parum:

138 1136 163 1196 1,
180 1132 208 1196 7,
225 1119 249 1183 11.
291 1133 359 1184 nen
384 1130 505 1180 illustrat
528 1129 585 1182 cic.
607 1131 689 1181 verr.

138 1217 173 1267 v.
183 1229 206 1266 ο.
221 1217 254 1265 ao
271 1219 299 1263 et
312 1212 434 1262 namorp.
452 1213 486 1260 ae
504 1213 627 1264 mocon.
638 1201 695 1278 ιιι,Ι

139 1303 168 1365 5,
182 1299 223 1348 tt.
256 1298 338 1359 Prop.
355 1295 394 1359 ll,
413 1293 439 1358 1,
456 1296 496 1345 tt.

186 1411 235 1455 lut
249 1409 472 1472 (cencreerequrn
489 1405 576 1448 curetis
590 1403 688 1450 cireen-

408 1468 418 1478 “
435 1472 489 1515 inin
503 1473 562 1516 coiis

228 1539 320 1584 Catenis
332 1563 358 1572 -—

138 1629 208 1696 nor.
226 1643 275 1694 oe.
292 1645 329 1706 ιι,
346 1643 389 1708 ιι,
407 1643 447 1693 ιι.

113 1775 127 1802 a
191 1741 416 1810 ---ductnque
429 1767 471 1809 per
489 1757 538 1801 vias

127 1875 132 1890 ,
190 1823 277 1878 Regum
292 1823 350 1865 celin
364 1821 506 1864 minantium.

138 1931 180 1980 Ne
198 1939 268 1977 vero
282 1938 457 1990 quaeramus,
473 1939 540 1989 quos
554 1939 635 1991 reges
648 1928 690 1976 in-

140 2013 249 2076 telligat
259 2012 355 2074 poeta:
373 2023 435 2059 nam
446 2010 527 2060 sicuti
540 2011 624 2058 toturn
636 2010 691 2058 tri-

139 2097 276 2159 umphum,
292 2097 332 2145 ita
349 2098 384 2144 ad
400 2093 600 2154 similitudinem
618 2093 691 2142 alio·

139 2192 199 2228 rura
221 2179 419 2241 triumphorum
444 2177 523 2226 etlam
542 2187 623 2238 reges
642 2187 691 2226 ce-

61 2279 64 2299 ·
140 2267 202 2326 ptos
234 2267 263 2312 et
288 2263 389 2325 oppida
419 2261 527 2322 aliaque
553 2259 691 2332 confinxit.

140 2344 219 2396 coni.
235 2347 314 2394 Pont.
332 2347 369 2408 11,
388 2343 411 2392 1.
445 2343 519 2394 Ordo
528 2346 621 2414 autem
639 2341 690 2391 tri-

141 2428 230 2490 umpbi
253 2431 314 2478 erat
337 2427 407 2478 talis.
452 2425 603 2488 aperiebat
630 2435 689 2473 eum

140 2515 269 2574 senatus,
293 2514 356 2572 post
376 2513 499 2559 senatum
516 2509 591 2557 ibant
609 2508 690 2555 duces

141 2605 178 2641 ae
195 2592 331 2654 principes
352 2591 417 2641 victi
436 2589 572 2652 catenati,
591 2599 691 2649 seque-

143 2675 225 2723 batur
243 2675 343 2736 praeda
359 2678 387 2723 et
403 2671 513 2724 fereula
531 2685 590 2722 curn
608 2672 691 2720 sirnu-

141 2757 228 2808 lucris
252 2757 321 2821 illis,
346 2761 400 2808 tmn
422 2757 481 2818 ipse
499 2753 691 2816 triurnpbator,

131 2826 248 2896 ὀοιοιιιι
263 2841 359 2890 laurea
376 2843 501 2904 ornatus,
509 2841 586 2888 stans
602 2837 628 2886 in
640 2848 692 2884 au-

128 2927 204 2974 ·rato
223 2936 317 2988 curru,
335 2923 379 2985 qui
396 2925 512 2985 quatuor
529 2920 605 2982 equis
623 2919 692 2967 albis

143 3007 285 3068 uneserie
302 3007 371 3064 (vid.
389 3007 423 3054 ad
440 3007 485 3068 11,
511 3002 582 3059 178.)
601 3003 692 3052 eunti-

141 3091 191 3139 bus
218 3089 390 3139 trahebatur.
431 3088 558 3146 Pompam
580 3086 693 3134 claude-

142 3172 209 3220 bant
226 3169 325 3217 uelites
343 3171 372 3216 et
387 3167 522 3230 populus,
544 3165 572 3214 io
591 3154 693 3221 tr'ium-

142 3251 199 3313 nire
216 3252 376 3299 clamantes.
408 3248 472 3297 vin.
487 3247 550 3296 Liv.
562 3249 610 3296 111.
623 3260 646 3298 c.
654 3249 693 3298 19.

178 3385 222 3434 ta.
253 3383 370 3444 Vernos,
391 3383 416 3431 b.
440 3393 463 3429 e·
482 3381 552 3430 alies
569 3384 649 3444 atque
666 3383 692 3432 in

141 3479 280 3533 prospera
303 3468 415 3517 fortuna
437 3466 527 3528 erant,
550 3479 574 3527 q.
591 3477 615 3514 e.
633 3478 693 3514 mn-

92 3541 94 3544 ’
142 3554 228 3615 tates,
246 3549 388 3613 demissos,
406 3548 535 3599 deiectos,
574 3548 621 3598 sie
638 3541 693 3596 'Se-

139 3646 202 3698 ¹uec.
225 3636 259 3683 de
279 3635 335 3682 ira.
349 3635 370 3682 1.
393 3645 417 3682 c.
434 3629 458 3682 i.
477 3632 605 3681 colorem
621 3633 693 3689 (ira-

142 3716 288 3773 scentium)
305 3727 427 3764 versum.
466 3715 529 3765 vid.
547 3716 614 3764 lior.
635 3716 693 3765 sat.

62 3789 64 3794 '
145 3801 183 3863 ιι,
199 3800 227 3862 s,
244 3801 284 3848 aa.
302 3802 331 3848 et
348 3800 693 3882 conf.rastn1,eea.-
717 3831 719 3834 -

143 3879 216 3932 Busl.
233 3880 300 3931 atio.

177 3996 219 4048 24.
248 3989 410 4068 Terribiles.
449 4000 524 4048 Unus
541 3994 645 4046 Heinsil
666 3997 695 4044 et

144 4081 206 4130 cori.
223 4081 323 4130 iterem.
334 4079 538 4144 terribilesque.
572 4079 647 4130 beid.
659 4094 694 4130 e-

143 4162 208 4212 lios.
243 4163 347 4215 Boam.
377 4221 381 4234 ⁸
433 4222 437 4229 Ι

177 4261 239 4324 Sui,
257 4271 325 4336 suae
342 4261 515 4313 conditionis.

740 1129 835 1185 Cres.)
869 1127 972 1193 Casiis,
996 1129 1130 1180 bellorum
1150 1131 1290 1180 vicissitu-
1311 1117 1328 1175 ,¹

740 1213 828 1276 dines,
840 1213 945 1275 proelia
956 1217 983 1262 et
994 1215 1102 1263 omnino
1116 1224 1161 1263 res
1174 1214 1200 1263 in
1216 1214 1289 1262 bello

739 1299 840 1356 gestas.
879 1293 986 1358 Renum
1009 1294 1133 1355 nomina,
1158 1299 1230 1359 quod
1248 1285 1300 1346 e'st'

740 1378 768 1427 in
784 1378 1122 1444 flamn.‚1ibrnrius,quod
1133 1391 1218 1442 saepe
1231 1379 1296 1431 neri·

740 1458 873 1524 vidimus,
903 1459 1044 1528 transtulit
1073 1473 1107 1510 ex
1128 1463 1188 1510 Art
1211 1463 1244 1510 A.
1266 1463 1291 1525 1,
1383 1467 1387 1476 ’
1448 1431 1452 1440 ¹

740 1541 796 1592 tia
831 1542 934 1592 fluam.
973 1541 1083 1594 Causas
1108 1543 1290 1592 benebabet.

740 1624 812 1674 illud
843 1637 963 1688 quorum
994 1626 1080 1690 vulgo
1106 1626 1231 1674 referunt
1256 1626 1291 1673 ad

740 1709 870 1771 populum
890 1723 916 1758 v.
933 1708 972 1758 19.
978 1741 989 1773 ,
1012 1713 1041 1758 ut
1064 1709 1207 1759 relativum
1228 1708 1291 1770 plu-

742 1789 810 1838 ralis
831 1791 936 1839 numeri
959 1794 1098 1842 referatur
1121 1795 1156 1841 ad
1177 1791 1291 1848 remai-

635 1869 638 1876 '
741 1872 909 1936 gnificatam,
931 1885 985 1922 non
1006 1876 1040 1923 ad
1057 1858 1291 1938 verbum'signifi-
1375 1867 1379 1874 ’

741 1969 820 2021 cans,
837 1958 870 2005 de
889 1963 941 2018 quo
966 1970 1015 2006 usu
1039 1957 1093 2006 vbi.
1110 1958 1171 2006 'not
1188 1958 1223 2005 ad
1239 1957 1289 2020 Ν,

733 2037 785 2102 io,
802 2037 842 2086 92.
876 2039 936 2102 Ego
959 2038 1049 2090 malim
1073 2039 1173 2089 reterri
1190 2040 1224 2087 ad
1242 2050 1292 2088 ea-

741 2123 831 2184 ptivos
844 2122 907 2172 illos
922 2134 971 2185 per
986 2121 1146 2184 triumphum
1158 2124 1254 2171 ductos
1264 2125 1292 2171 et

740 2206 902 2268 simulacra,
925 2216 994 2267 quae
1016 2205 1043 2251 in
1062 2205 1291 2265 praecedentibus

740 2289 937 2352 significantur.
972 2289 1062 2348 Atque
1082 2287 1119 2334 ita
1144 2286 1212 2334 bene
1229 2284 1291 2336 iutr-

743 2374 787 2420 cta
805 2371 894 2420 oratio
913 2373 962 2418 est.
980 2395 1014 2405 -
1030 2368 1101 2416 besl.
1119 2379 1215 2416 curas.

775 2487 816 2535 tt.
834 2485 902 2535 Itlc.
939 2484 1128 2548 lpse-rectius
1145 2497 1212 2535 unus
1230 2489 1292 2537 Me-

743 2569 793 2619 dic.
811 2583 862 2632 pro
880 2567 943 2622 itta.
981 2568 1092 2617 Herma.
1131 2568 1219 2617 Recte
1242 2569 1292 2617 ba-

741 2655 789 2703 bet
808 2654 923 2718 vulgata
944 2651 1014 2702 illo:
1044 2663 1118 2712 prere
1139 2663 1242 2700 causas
1265 2654 1294 2702 et

741 2749 790 2788 rec
812 2738 840 2786 et
865 2717 979 2786 aomina
1004 2736 1136 2800 quaeret,
1163 2746 1237 2797 pars
1259 2747 1293 2783 ea

742 2822 794 2876 (sc.
811 2817 925 2868 nomine
944 2821 1010 2876 ete.)
1028 2818 1145 2883 referet,
1165 2815 1292 2881 qreameis

740 2901 978 2961 perremaooerit.
998 2903 1154 2952 Similiimus
1163 2906 1205 2950 est
1213 2903 1292 2950 loeus

742 2986 802 3032 Arc
819 2986 851 3033 A.
869 2987 892 3047 1,
910 2986 984 3048 ele,
1003 2986 1047 3054 ubi
1064 2983 1178 3033 similem
1197 2984 1293 3030 mium·

742 3067 822 3129 pirum
835 3068 939 3128 tingens
956 3067 1104 3114 amatorem
1120 3077 1179 3113 cum
1194 3064 1292 3125 puellis

744 3152 913 3212 spectantem
930 3148 1021 3209 lepide
1038 3147 1133 3209 docet,
1158 3147 1293 3208 quomodo
1356 3171 1359 3178 v

744 3233 794 3282 tali
811 3231 957 3282 occasione
975 3229 1048 3278 bene
1061 3215 1166 3278 utatur:
1347 3229 1351 3233 ’

744 3315 747 3324 ’
792 3325 866 3382 Atque
880 3326 956 3381 alique
970 3333 998 3364 ex
1011 3321 1058 3364 illis
1072 3322 1175 3378 (puellis)
1191 3336 1241 3368 cum
1254 3337 1306 3368 re-‚

1017 3401 1068 3443 qum
1088 3390 1177 3434 nomina
1191 3393 1294 3445 quaeret,

831 3458 895 3508 Quae
913 3458 972 3509 loen,
990 3455 1029 3512 qui
1046 3461 1143 3510 montes,
1156 3469 1244 3512 quaeve
1258 3455 1294 3500 le·
1395 3479 1398 3486 -

1016 3527 1095 3567 rantur
1108 3525 1195 3580 nquae;

793 3591 874 3635 Omnia
893 3591 1020 3645 responde,
1046 3602 1088 3634 nee
1108 3595 1194 3636 mnium
1213 3593 1233 3636 ei
1250 3603 1294 3646 qnn

1016 3656 1120 3710 rogabit5
1135 3671 1139 3676 ·

830 3725 861 3769 Et
874 3735 932 3779 quae
946 3721 1066 3774 nescieris,
1080 3725 1106 3765 ut
1117 3722 1176 3764 bene
1189 3724 1242 3762 notu
1255 3729 1293 3759 re-

1016 3788 1058 3831 ier.

744 3879 839 3943 Neque
855 3880 905 3928 ille
922 3878 986 3927 loeo
1005 3875 1071 3924 dixit
1081 3865 1215 3920 nescieris
1225 3863 1293 3926 ipsc.

743 3985 777 3997 --
793 3962 923 4023 sequitur
940 3959 992 4006 iam
1009 3949 1177 4006 enumeratio
1198 3951 1294 4000 dueum

747 4046 905 4103 captorum,
931 4038 1124 4097 signorumque
1141 4032 1169 4078 et
1186 4031 1295 4082 tabula-
1377 4095 1380 4108 ,

745 4136 824 4185 rum,
859 4130 928 4181 quae
961 4128 1071 4166 currum
1106 4115 1302 4179 triumphalem,

682 4233 684 4238 -
746 4203 914 4267 praecedere
931 4199 1016 4262 bngtt.
1055 4200 1158 4252 Verum
1176 4195 1296 4264 eleganti

746 4287 882 4339 varietate
897 4284 1029 4335 orationis
1047 4288 1132 4336 totum
1149 4285 1295 4342 locumttt

176 4379 217 4428 tt.
245 4377 362 4427 Causas.
396 4376 509 4452 italien
523 4387 614 4426 canuc.
635 4378 698 4452 ¹(ita
747 4370 839 4428 —lbt
857 4360 895 4420 tta'
917 4368 1067 4435 tractavit,
1093 4361 1123 4420 ut
1144 4369 1295 4420 oraticnem
