3078 4912
249 374 277 450 a
555 327 558 338 ’
621 369 1032 450 ιιιοιιιιιιιιιιιι.

252 571 332 622 suos
351 555 385 620 in
403 553 517 618 itinere
539 571 664 618 errores
692 562 726 617 et
756 571 855 618 casus
887 571 960 618 cum
980 553 1083 618 Ulixis
1110 552 1272 620 erroribus
1305 572 1399 618 oom-
1433 608 1437 616 .

253 680 373 746 paraus
392 663 444 726 sic
463 662 574 726 habet:

385 813 444 866 Nos
460 811 534 862 trata
549 809 684 862 sideribus
702 807 769 861 totis
785 809 915 862 distantia
930 822 1040 862 mensos

418 896 488 947 Sors
510 894 573 946 tulb
595 895 629 946 ln
649 892 794 944 Geticos
811 895 1105 957 Sarmaticosque
1125 891 1231 944 sinus.

253 1001 611 1110 Mmmhmae:
820 1100 823 1111 Ι

385 1176 449 1230 Non
465 1185 519 1240 ego
536 1177 565 1226 ts
581 1172 690 1238 placida
706 1171 827 1238 genitum
842 1185 909 1226 reor
924 1175 998 1227 Urbe
1014 1170 1131 1242 (intirim,

417 1257 504 1323 Urbe,
520 1268 581 1307 meo
598 1267 667 1320 quae
684 1256 737 1306 lam
752 1267 809 1305 nou
825 1257 949 1306 adeamda
965 1259 1034 1321 pede
1052 1262 1109 1321 est;

385 1339 440 1391 sed
456 1339 589 1434 seopulis,
606 1337 685 1390 Ponti
702 1349 770 1401 quos
786 1339 856 1389 haec
871 1339 953 1390 habet
970 1351 1021 1405 ora
1037 1339 1141 1392 sinistri
1156 1363 1190 1376 -

253 1461 362 1556 Unde,
369 1472 507 1536 -eunrin
527 1473 567 1536 iis
588 1471 668 1536 locis
689 1480 787 1553 poeta
807 1470 853 1534 ita
873 1435 1030 1553 loquatur,
1053 1469 1146 1552 quasi
1165 1468 1343 1533 iul'onto
1333 1457 1399 1532 rain
1517 1501 1518 1506 ι

251 1577 350 1663 adsit,
372 1598 436 1642 non
457 1588 578 1642 temere
592 1578 756 1666 coniicias,
779 1581 853 1640 eum
865 1586 953 1662 tunc,
977 1595 1049 1640 cum
1058 1577 1128 1639 illa
1125 1577 1296 1661 scriberet,
1318 1596 1399 1639 vere

171 1715 174 1720 ·
251 1686 316 1750 iam
336 1686 370 1749 in
389 1688 493 1749 Ponto
515 1686 618 1748 fuisse
639 1685 746 1768 itaque
766 1685 810 1747 ibi
831 1683 956 1746 demum
983 1683 1068 1746 huno
1087 1685 1200 1746 librum
1205 1686 1316 1765 plane
1336 1685 1399 1748 ab·

218 1881 220 1888 ,
252 1793 395 1856 solvisse
415 1792 615 1878 Romamque
636 1790 774 1856 misisse.
832 1792 901 1857 Sed
932 1793 1065 1882 primum
1096 1792 1139 1855 illi
1158 1792 1221 1855 looi
1241 1811 1301 1874 per
1320 1811 1399 1874 pro-

252 1899 359 1982 lepsin
380 1899 533 1983 explicari
553 1907 697 1981 possunt
746 1898 873 1966 Deinde
903 1909 1001 1984 poeta
1029 1916 1049 1961 a
1077 1899 1172 1984 gravi
1199 1883 1262 1962 ist'o
1292 1918 1398 1964 errore
1518 1933 1519 1940 ι

251 2007 352 2072 etiam
372 2009 434 2080 alib
455 2006 549 2070 modo
570 2007 700 2092 purgari
720 2015 844 2099 potest.
878 2009 965 2106 Nam
988 2005 1071 2091 quod
1093 2005 1136 2070 ad
1156 2005 1224 2069 illa:

387 2158 457 2212 Sors
475 2157 582 2212 tulitin
599 2156 712 2210 uetlms
728 2157 949 2224 Sarmaticosque
963 2155 1042 2210 sinus
1057 2179 1091 2192 -
1110 2163 1113 2172 ’

133 2323 139 2332 ·
253 2307 275 2350 e
295 2286 457 2352 Strabone
478 2265 629 2374 constat,
663 2287 770 2368 Getas
797 2307 923 2373 quoque
950 2286 983 2350 in
1004 2287 1141 2352 'lhracia
1168 2287 1334 2350 habitasse
1365 2294 1399 2348 et

252 2393 423 2460 'lhraoiam
452 2413 557 2479 saepe
586 2396 750 2480 Scythicis
778 2397 983 2482 regionibus,
1016 2410 1078 2479 quo
1110 2396 1277 2487 relegatus
1304 2395 1398 2459 Naso

254 2510 336 2586 erat,
358 2501 570 2568 adnumerari.
611 2504 722 2570 Verba
743 2513 867 2569 antem:

321 2686 329 2705 .
362 2685 371 2703 .
404 2686 412 2703 .
445 2651 525 2703 Ponti
535 2655 609 2718 'quos
626 2655 694 2707 haec
710 2656 793 2707 habet
809 2665 861 2705 ora
876 2652 980 2704 sinistri
994 2679 1030 2720 ,-

253 2797 301 2862 ita
320 2797 426 2881 accipi
446 2809 601 2886 possunt,
623 2809 659 2863 ut
679 2807 776 2882 poeta
790 2819 817 2872 ,e
837 2798 933 2884 mari,
963 2799 1016 2862 ubi
1037 2818 1078 2863 ea
1098 2800 1264 2884 scriberet,
1286 2799 1318 2863 in
1339 2818 1399 2864 eas

254 2923 343 2991 oras,
366 2908 513 2989 quamvis
534 2905 620 2988 hand
640 2907 686 2971 ita
705 2925 806 2989 prope
826 2906 978 2993 adesset,
997 2907 1118 2992 ‘digitis
1140 2907 1311 2972 ostendere
1337 2907 1401 2992 pd-

254 3019 349 3078 tetur.
392 3011 474 3077 Olim
494 3015 527 3082 in
548 3017 641 3078 tertio
662 3016 734 3078 looo
754 3012 949 3099 haerebam,
984 3015 1036 3098 qui
1067 3015 1177 3077 estin
1206 3015 1300 3080 huius
1331 3015 1400 3104 libri

255 3121 396 3186 carmine
417 3107 525 3206 sexto,
548 3121 581 3186 in
604 3142 665 3204 quo
677 3140 809 3225 uxorem
823 3142 916 3187 suam
929 3119 1100 3206 collaudat,
1123 3121 1207 3202 quod
1227 3123 1400 3186 amicorum

253 3228 415 3309 praesidio
437 3238 471 3292 et
491 3228 823 3302 fortitudinesuarem
841 3231 1027 3294 familiarem
1048 3237 1082 3291 et
1102 3229 1186 3292 bona
1207 3248 1267 3293 sua
1289 3239 1401 3294 contra

255 3334 389 3397 scelesti
409 3335 545 3399 hominis
565 3335 763 3420 iniquitatem
784 3346 880 3424 atque
901 3337 1045 3400 iniuriam
1066 3335 1189 3400 fortiter
1211 3335 1402 3400 defenderit.

254 3439 313 3504 Sic
334 3441 420 3505 enim
439 3440 628 3507 iudicabam
682 3442 764 3510 eum
793 3463 913 3510 caussa
943 3425 996 3507 illa
1017 3441 1102 3526 apud
1125 3423 1242 3507 iudicia
1262 3453 1339 3509 acta
1360 3461 1402 3508 ac
1471 3513 1476 3524 „

253 3546 344 3611 sicta
364 3550 404 3613 ab
426 3567 526 3614 uxore
547 3559 658 3634 esset,
687 3570 751 3615 non
773 3571 814 3615 ea
834 3553 940 3616 omnia
960 3553 1043 3618 intra
1064 3553 1164 3619 breve
1186 3551 1263 3614 illud
1283 3561 1402 3634 poetae

252 3653 379 3717 itineris
401 3663 528 3738 tempus
548 3657 694 3739 potuisse
714 3657 784 3721 fleri
806 3667 902 3741 atque
923 3641 1070 3743 absolvi,
1104 3678 1145 3722 ao
1171 3659 1277 3722 minus
1304 3659 1402 3722 etiam

254 3761 364 3825 uxoris
386 3781 427 3826 ea
448 3761 488 3827 da
509 3782 544 3827 re
564 3764 692 3856 literas,
722 3764 765 3829 ad
785 3749 867 3849 quas
888 3765 920 3827 in
940 3766 993 3828 illo
1016 3765 1156 3830 cmmine
1177 3765 1399 3849 respondetur,

254 3867 298 3932 ad
317 3869 486 3934 Nasonem
505 3873 686 3958 pervenire,
709 3888 782 3936 cum
803 3881 869 3936 tam
890 3871 983 3935 tarda
1004 3881 1096 3936 esset
1117 3890 1158 3935 ea
1179 3882 1288 3937 aetate
1302 3876 1402 3955 'atque
1450 3933 1454 3939 .

252 3978 377 4040 incerta
406 3978 498 4044 ratio,
517 3980 679 4044 literarum
707 3977 970 4061 perferendarum
1001 3979 1035 4042 in
1064 3979 1176 4042 itinere
1197 3980 1400 4062 praesertim,

254 4085 348 4165 quale
374 4084 520 4150 Nasonis
541 4079 619 4170 fuit,
649 4087 805 4150 maritimo
827 4087 1065 4171 asperrimaque
1094 4087 1170 4150 anni
1197 4095 1401 4169 tempestate.

252 4190 300 4252 At
318 4191 371 4254 ille
391 4196 561 4276 scrupulus
582 4194 710 4282 tollitur,
734 4193 903 4257 dummodo
924 4195 1150 4278 intelligamus,
1174 4192 1266 4258 tarde
1286 4193 1403 4257 admo-

254 4295 328 4364 dum
349 4319 423 4366 sum
444 4319 521 4365 esse
542 4301 734 4386 proiectum,
757 4311 791 4364 et
810 4311 887 4385 post
901 4304 1009 4384 plures
1027 4302 1153 4370 demum
1169 4319 1314 4389 menses,
1336 4321 1401 4367 nou
