3078 4912
241 385 269 460 ι
608 331 1020 478 ιιιοιιιιοιιιιιι.

242 581 348 628 rerum
366 561 403 625 vi
423 567 520 644 atque
540 545 654 623 natura
676 557 877 642 diversisque
898 575 1008 620 earum
1028 553 1201 638 generibus
1217 557 1394 639 moropbi-

134 741 141 765 ,
241 669 445 751 losophorruu
467 668 691 750 disputaretur,
715 668 828 749 quales
849 673 925 727 sunt
943 664 1014 726 libri
1034 666 1074 725 de
1091 663 1326 741 Consolatione,
1349 667 1391 725 de

128 799 133 804 ’
242 777 409 854 Amicitia,
438 779 478 837 de
500 775 643 856 Officiis,
667 773 728 858 ιιΙὶὶ.
771 770 888 834 Obstat
910 771 1014 834 eidem
1040 789 1120 834 usus
1146 790 1271 855 quoque
1292 781 1391 854 atque
1443 815 1444 821 ι

243 883 440 948 consuetudo
459 882 616 963 Nasonis,
640 879 731 941 cuius
755 886 830 940 sunt
845 878 913 940 libri
932 878 1096 956 Aaronom,
1111 877 1293 962 Fastorum,
1308 865 1388 940 Me·

157 973 159 980 ¹
242 993 482 1070 tcoaorpboseoa
514 995 547 1049 et
575 988 637 1049 alii.
669 984 760 1049 'vid
782 985 938 1067 Scaliger.
965 987 1088 1049 Poetic.
1115 986 1152 1048 Ir.
1178 987 1233 1047 111.
1262 1005 1291 1048 c.
1319 984 1389 1048 123.

243 1108 277 1160 et
299 1097 381 1179 126,
402 1096 460 1158 VI.
483 1113 511 1156 c.
532 1091 562 1156 7.
613 1091 703 1156 Vera
723 1091 820 1172 igitur
842 1101 874 1152 et
894 1091 995 1173 ipsius
1016 1091 1161 1177 Nasonis
1182 1092 1293 1154 horum
1314 1111 1391 1154 car-

242 1207 361 1267 minum
382 1201 546 1281 inscriptio
567 1198 695 1260 videtur
726 1216 802 1259 esse
825 1199 902 1258 libri
924 1189 1077 1261 Tristiam
1098 1201 1172 1264 ¹vel
1193 1199 1301 1281 potius
1311 1242 1324 1282 ,
1352 1209 1390 1260 ut

243 1331 263 1372 e
285 1309 402 1392 ceteris
422 1315 622 1370 vetustorum
643 1307 790 1366 librorum
805 1304 1062 1385 inscriptionibus
1083 1307 1287 1386 probabiliter
1308 1323 1391 1367 con-

245 1416 391 1500 cluditur,
417 1411 571 1477 Triariam
592 1416 678 1490 libri,
702 1420 735 1474 et
756 1431 819 1474 non
840 1414 880 1474 de
903 1414 1070 1474 Tristibus.

327 1581 399 1661 Quo
415 1589 558 1661 tempore
572 1574 688 1648 ¹'l'ristia
710 1579 888 1660 composita
910 1586 943 1638 et
964 1576 1050 1639 edita
1068 1577 1145 1659 sint,
1168 1575 1295 1641 disertis
1317 1577 1392 1659 qui·
1439 1651 1441 1658 y

244 1689 319 1751 dem
338 1688 448 1749 verbis
470 1696 567 1768 poeta
595 1703 658 1747 non
680 1682 830 1780 prodidit3
858 1703 970 1767 verum
1000 1684 1081 1746 satis
1109 1681 1226 1746 clara'
1216 1704 1248 1750 ιιι
1269 1685 1309 1745 iis
1334 1704 1392 1745 re-

242 1796 406 1890 periuntur
427 1793 581 1878 vestigia,
606 1812 688 1876 quae
714 1775 894 1894 diligentius
922 1799 1155 1873 persequentes
1177 1808 1240 1852 non
1267 1791 1389 1866 solum,

244 1920 307 1984 quo
329 1910 472 1985 tempore
500 1907 600 1960 toturn
628 1899 800 1961 carrniuum
830 1917 884 1960 oor
885 1918 946 1979 pus
952 1941 966 1974 ,
1000 1887 1078 1959 sed
1093 1893 1188 1958 etiam
1215 1916 1276 1978 quo
1306 1885 1428 1959 auno*

243 2009 362 2090 singuli
383 2007 452 2068 libri
473 2006 614 2068 confecti
635 2015 669 2067 ot
696 2003 833 2068 absoluti
860 2005 941 2087 sint,
976 2023 1088 2066 eruere
1117 2013 1151 2065 et
1178 2004 1220 2068 ad
1240 2004 1391 2087 liquidum

244 2116 411 2196 explorare
432 2130 614 2207 possumus.
665 2111 733 2180 Sed
747 2113 854 2216 paullo
867 2112 960 2174 altius
971 2110 1183 2226 repetendum
1199 2119 1258 2175 est
1294 2113 1391 2174 'l'rist

242 2221 462 2306 Ι.11,1-
481 2220 587 2281 6.·

260 2361 264 2386 ¹
375 2355 470 2408 Libera
479 2365 655 2417 quaecumque
665 2357 707 2405 est
716 2356 775 2405 toto
790 2353 837 2404 trbr
846 2352 921 2402 lecta
926 2315 1027 2402 libello
1044 2305 1392 2417 (commercialium),

408 2440 459 2490 nst
475 2438 539 2488 mibl
556 2439 695 2489 sollicitae
712 2442 836 2501 tempore
851 2437 928 2485 facta
944 2436 1016 2485 viae.
1107 2486 1109 2491 .
1220 2458 1228 2466 ·

376 2523 433 2570 Ant
450 2521 531 2569 hanc
529 2533 593 2584 me,
610 2521 702 2584 gelido
719 2519 865 2572 tremerem
882 2531 943 2568 cum
959 2531 1052 2568 mense
1068 2517 1226 2581 Decembri,

410 2601 582 2650 scribentem
599 2601 697 2649 mediis
711 2602 815 2650 Hadria
830 2600 899 2648 vidit
915 2599 1003 2672 aquis,

377 2681 433 2730 Aut
450 2683 602 2746 postquam
609 2669 740 2733 bimarem
758 2693 840 2732 cursu
856 2681 1044 2740 superavimus
1059 2683 1192 2748 Isthmon,
1245 2685 1246 2688 ’
1324 2738 1326 2748 ,

410 2761 561 2825 ulceraque
577 2766 619 2814 est
636 2766 748 2814 nostrae
764 2765 853 2812 sumta
870 2762 965 2810 carina
980 2763 1131 2828 fugae
1181 2781 1184 2786 ·
1266 2771 1270 2784 '

242 2877 271 2938 Ill
294 2895 366 2959 quo
378 2878 518 2950 carmine
540 2886 685 2992 apparet,
707 2857 875 2939 Nasonem
897 2883 952 2938 aut
973 2878 1032 2939 sub
1054 2877 1150 2940 linem
1170 2880 1292 2944 mensis
1312 2880 1403 2963 No·¹

242 2985 408 3088 νειιιίιιίε,
434 2993 470 3048 ut
496 2986 556 3048 iter
581 3005 642 3066 per
670 2985 779 3080 plures
810 2983 879 3046 dies
902 2986 1148 3065 tempestatibus
1178 2996 1211 3049 et
1239 2988 1390 3050 adversis

224 3092 349 3184 ¹ventis
371 3078 426 3154 aut
447 3093 518 3156 aliis
541 3091 669 3155 caussis
697 3097 833 3153 tractum
860 3099 894 3152 et
920 3089 1103 3172 impeditum
1131 3094 1196 3177 sit,
1233 3101 1290 3156 aut
1319 3095 1390 3176 ipso

242 3198 371 3260 ineunte
392 3213 504 3261 meuse
525 3198 696 3261 Decembri
718 3216 794 3258 esse
815 3198 855 3259 ab
877 3198 964 3261 Urbe
986 3199 1173 3279 profectum
1190 3202 1390 3284 patriamque

241 3305 418 3386 reliquisse.
462 3301 524 3366 Cui
546 3301 680 3385 tempori
702 3313 893 3392 congruunt,¹
916 3312 1004 3366 certe
1026 3324 1089 3366 uon
1109 3318 1291 3389 repugnant
1311 3310 1388 3371 reli-

243 3411 306 3493 qui,
329 3409 414 3471 unde
437 3410 477 3472 de
499 3416 642 3492 tempore
660 3411 847 3474 coniectura
869 3421 932 3494 est,
955 3411 1033 3472 libri·
1044 3411 1136 3492 primi
1157 3414 1218 3478 loci
1229 3460 1240 3499 ‚
1274 3417 1326 3498 qui
1348 3413 1390 3478 ad

242 3515 382 3579 siderum
404 3527 491 3581 ortus
512 3526 547 3585 at
568 3536 706 3582 occasus
726 3519 895 3615 pertinent
936 3517 1063 3582 Primus
1086 3522 1185 3605 εει-Ι,
1208 3523 1242 3606 4,
1266 3523 1311 3608 1.,
1334 3523 1388 3585 ubi
1452 3579 1453 3584 ,

242 3622 284 3685 de
305 3625 514 3706 navigatione
536 3644 597 3688 sua
617 3627 649 3689 in
670 3621 751 3690 mari
770 3626 861 3686 Ionio
873 3622 988 3687 renuit:
1063 3647 1065 3652 s

372 3757 515 3822 Tinguitur
531 3771 637 3810 ooearm
654 3761 747 3810 custos
763 3759 976 3822 Erymanthidos
992 3760 1081 3810 Ursae
1098 3783 1131 3797 ·-

159 3904 166 3920 ι
240 3868 362 3934 Custos
384 3871 489 3935 Ursae
511 3881 563 3936 est
582 3875 739 3936 Arcturus
762 3871 852 3951 (vid.
874 3873 1008 3953 interpp.
1030 3873 1071 3935 ad
1088 3874 1122 3936 -h.
1149 3874 1207 3956 1.),
1235 3871 1320 3956 quod
1340 3872 1389 3934 si-

241 3975 301 4040 dus
330 3965 460 4045 auclore
483 3979 660 4042 Columella
675 3980 726 4052 ,Ιι
749 3980 804 4042 XI.
831 3999 859 4042 c.
882 3980 910 4040 1.
931 3979 960 4040 2.
989 3980 1106 4045 occidit
1126 3982 1182 4044 IV.
1205 3980 1275 4042 Cal.
1297 3980 1385 4041 Nou.

231 4082 334 4146 conf.
355 4086 435 4148 Plin.
453 4088 503 4170 ¹H.
524 4088 568 4150 N.
595 4088 716 4151 XVIII.
746 4104 774 4149 c.
800 4085 851 4149 31.
904 4088 989 4151 Hinc
1014 4089 1171 4152 Arcturus
1204 4089 1301 4150 etiam
1329 4104 1387 4167 pro

240 4199 409 4255 auctumno
437 4196 563 4275 ponitur
592 4200 626 4255 et
660 4202 803 4275 tempore
832 4203 1060 4277 tempestatum
1095 4214 1136 4258 ac
1166 4196 1386 4278 procellarum·

238 4299 329 4362 Alter
350 4302 441 4374 locus
462 4311 515 4364 est
535 4301 630 4362 'l'rist
651 4301 678 4383 Ι,
703 4301 755 4384 11,
780 4301 820 4365 13
838 4335 882 4348 -
904 4293 972 4366 16.ι
1016 4303 1019 4308 ’
