3078 4912
236 388 279 438 vr
507 327 511 332 ”
655 361 973 436 unumunurn.

233 553 273 616 et
296 543 346 616 ad
370 553 530 618 nostram
557 543 818 644 propemodum
841 550 998 617 aetatem
1019 543 1125 639 quasi
1148 564 1219 640 pro
1242 543 1389 638 integra

193 679 199 696 ’
234 691 281 742 ac
306 692 407 743 nova
430 668 585 766 vulgata
609 671 659 740 sit
682 668 849 758 babitus,
885 690 959 740 non
984 674 1042 739 est
1065 665 1174 738 buius
1198 667 1388 739 institutae

233 795 446 893 scriptionis
459 795 646 891 copiosius
670 812 869 890 exponere.
914 790 1002 886 Ego
1023 812 1141 880 vero,
1156 795 1202 870 ut,
1220 787 1387 862 breviter

234 914 365 1008 dicam,
394 916 441 990 de
467 939 514 989 ea
537 920 594 988 sic
617 918 750 1005 sentio,
776 916 833 986 sic
851 912 996 987 iudico:
1025 911 1226 1012 permultos
1240 910 1385 1008 quidem

233 1037 341 1113 locos
368 1041 663 1138 corruptissimos
696 1038 742 1112 ab
774 1038 935 1112 Heinsio
968 1036 1096 1110 divina
1131 1037 1285 1136 quadam
1320 1055 1383 1110 sa-

232 1164 395 1258 gacitate
420 1169 530 1258 atque
554 1160 762 1248 eruditione
792 1163 995 1257 integritati
1020 1183 1110 1234 suae
1148 1182 1233 1234 esse
1271 1164 1383 1234 resti-

232 1292 332 1358 tutos
362 1292 426 1359 aut
458 1293 587 1359 contra
611 1288 842 1383 suspiciones
872 1307 918 1358 ac
948 1283 1195 1357 dubitationes
1220 1283 1267 1357 ab
1298 1282 1382 1357 aliis

233 1411 478 1505 grammaticis
503 1412 685 1484 excitatas
712 1389 888 1482 defensos
912 1414 1022 1504 atque
1048 1406 1291 1480 confirmatos
1327 1407 1384 1508 At

140 1567 148 1586 ·
231 1532 330 1608 idem
354 1555 427 1631 ego
453 1533 606 1624 affirm,
632 1531 686 1606 nil
709 1523 888 1606 reverens
913 1529 1247 1629 reprehensionem,
1277 1555 1382 1638 quam

230 1656 339 1731 huius
365 1659 569 1729 sententiae
594 1659 742 1729 novitas
762 1653 861 1753 apud
881 1677 959 1745 eoa,
986 1656 1047 1751 qui
1073 1677 1150 1727 rem
1174 1658 1382 1728 accuratius

232 1781 447 1880 perquirere
471 1779 611 1870 nolent,
637 1781 686 1851 sit
710 1776 896 1868 habitura,
929 1776 1132 1850 abeodem
1162 1777 1318 1851 Heinsio
1343 1786 1382 1862 et

230 1926 357 2001 parum
381 1901 486 1975 felici
510 1905 590 1975 eius
615 1909 800 1976 sectatore
825 1902 1033 1975 Hui-manno
1058 1907 1196 1973 textum
1216 1900 1380 1972 Nasonis

232 2030 425 2102 carminum
450 2029 502 2098 ita
525 2025 649 2099 multis
674 2025 770 2099 locis
794 2047 880 2099 esse
906 2023 1165 2123 depravatum,
1191 2031 1232 2097 ut
1256 2023 1380 2097 nullus

230 2149 313 2224 fere
339 2152 497 2248 scriptor
520 2149 676 2223 Latinus
701 2149 748 2222 ab
773 2146 978 2222 editoribus
1001 2151 1107 2247 peius
1131 2147 1276 2221 babitus
1301 2173 1378 2220 ma-

230 2275 361 2372 gisque
386 2280 580 2371 corruptus
605 2295 690 2346 esse
714 2270 909 2361 videatur,
942 2278 980 2344 et
1011 2273 1177 2368 quemvis
1202 2270 1284 2344 iere
1310 2295 1377 2345 co-

230 2395 350 2470 dicem
376 2395 424 2469 de
437 2396 649 2472 melioribus
671 2395 817 2493 quidem
843 2403 881 2468 et
894 2397 1059 2492 quamvis
1072 2393 1154 2467 iere
1180 2394 1377 2468 editionem

229 2518 371 2592 saeculi
380 2519 484 2610 XV,
509 2523 543 2592 i
554 2514 825 2594 Bononiensem
845 2514 1023 2616 excipias,
1051 2521 1204 2591 omnium
1228 2499 1377 2617 operum

230 2639 359 2716 Ovidii
397 2641 482 2739 plus
520 2641 621 2747 mille
660 2636 889 2739 quingentis,
914 2631 1099 2714 'Tristium
1135 2649 1254 2715 autem
1291 2642 1376 2740 plus

229 2762 398 2838 ducentis
424 2764 520 2838 locis
556 2762 838 2838 emendatiorem
869 2771 908 2838 et
938 2768 1172 2862 integriorem
1197 2763 1375 2839 exhibere
1421 2771 1424 2778 '
1514 2817 1518 2822 -

226 2895 383 2984 textum,
423 2913 529 2985 quam
565 2886 749 2962 laudatam
786 2893 891 2963 istam
909 2875 1069 2963 ¹Heinsii
1108 2896 1146 2962 et
1179 2890 1376 2963 Burmanni

225 3014 479 3086 recensionem
500 3015 554 3106 1).

299 3136 520 3226 Merkelius,
548 3139 775 3234 nuperrimos
801 3135 929 3212 Ovidii
951 3137 1126 3210 Tristium
1152 3137 1285 3228 editor,
1313 3141 1372 3235 qui

224 3257 371 3332 Heinsii
398 3263 495 3334 curis
522 3258 717 3334 Ouidianis
751 3265 870 3349 omnia
895 3285 1029 3334 summa
1054 3262 1200 3350 tribuit,
1226 3287 1307 3336 rem
1331 3266 1373 3334 in

229 3379 422 3456 Tristibus
451 3384 702 3480 castigandis,
729 3409 809 3456 nam
838 3383 886 3456 de
912 3385 1063 3481 reliquis
1088 3386 1252 3459 Nasonis
1276 3395 1371 3484 poe-

223 3509 329 3578 matis
354 3529 450 3580 nunc
475 3529 548 3579 non
575 3509 708 3603 agitur,
734 3505 821 3580 inde
853 3510 1077 3606 potissimum
1111 3533 1186 3582 ooo
1220 3513 1295 3597 itu,
1328 3518 1392 3584 ot.

222 3635 445 3725 oportuerit,
472 3632 519 3703 ob
545 3631 706 3704 Heinsio
726 3640 874 3728 pentum
893 3655 981 3733 usuc
1006 3632 1145 3722 scribit,
1178 3631 1275 3728 quud
1301 3636 1369 3706 irn-

220 3747 436 3851 prudentius
462 3761 611 3830 secutus
642 3758 691 3828 sit
725 3753 877 3829 codices
901 3756 1036 3845 Italos,
1062 3755 1368 3858 valdeinterpo-

129 3879 131 3884 ’
219 3875 328 3967 latoS,
354 3875 576 3951 Vaticanum
593 3881 755 3977 primum,
769 3876 989 3970 Mediceum,
1016 3879 1247 3953 Politiancos
1261 3878 1366 3971 duOS,

218 3997 634 4092 Palatinumsecundum
650 4008 687 4075 ct
700 3997 937 4075 Combianum
957 4003 1366 4097 [sive.I)resdensem],

468 4173 611 4185 ——..-..

271 4237 378 4297 ¹)v1u.
396 4243 531 4307 exempto,
550 4255 621 4304 quae
643 4245 723 4296 morto
742 4247 776 4294 rte
792 4245 940 4296 Burmanni
964 4247 1072 4297 ratione
1089 4247 1240 4309 attulimus,
1265 4249 1294 4294 et
1316 4247 1367 4294 du-

111 4361 117 4376 .
198 4316 297 4372 ‘centa
315 4323 374 4390 tito,
391 4337 460 4388 quae
477 4325 550 4374 intra
566 4325 653 4375 allata
669 4331 740 4376 sunt.
