3078 4912
272 393 320 468 lt
640 391 1053 470 PROLEGOMENA.

271 579 389 656 gustos
419 569 501 635 lines
528 569 756 638 mediocritatis
785 583 882 658 atque
909 575 1116 658 ignobilitatis
1145 595 1223 640 sese
1252 581 1434 648 contineat.

274 681 393 784 Quinta
416 689 467 742 est
478 679 531 750 ,ad
552 684 688 755 amicum
709 691 892 766 recentem,
923 703 1017 765 quem
1045 673 1175 746 laudato
1197 688 1332 770 egregie
1356 691 1434 751 eius

272 789 377 851 animo
398 797 505 874 rogat,
528 798 563 852 ut
584 790 764 871 eloquentia
785 809 845 852 sua
866 807 943 851 sese
965 788 1051 869 apud
1067 792 1209 873 Augusti
1222 793 1432 858 clementiam

264 893 444 968 defendat.
478 895 582 958 Serita
604 897 715 958 similis
738 897 807 957 fere
830 897 1020 980 argumenti,
1039 899 1099 960 sed
1117 898 1160 962 ad
1175 909 1321 962 veterem
1342 905 1432 964 ami-

232 1073 236 1080 ,
272 1023 345 1067 cum
368 1011 428 1064 est.
482 1001 628 1082 Septima
656 1002 698 1063 ad
726 1002 962 1066 amicissimam
981 1007 1136 1086 poetriam
1159 1014 1222 1089 est,
1245 1017 1341 1088 quam
1365 1007 1432 1070 ad-

272 1111 433 1190 hortatur,
461 1115 497 1169 ut
524 1122 566 1168 ne
582 1105 652 1170 'suo
681 1113 827 1191 exemplo
850 1131 869 1174 a
892 1101 1288 1192 componendisve-reims
1311 1113 1428 1176 deter-

272 1225 392 1297 reatur,
415 1213 474 1276 sed
497 1234 539 1276 ex
559 1215 599 1278 iis
620 1215 734 1279 studiis
755 1229 943 1300 perpetuam
965 1219 1083 1283 samam
1104 1228 1138 1283 et
1157 1222 1430 1284 immortalitatem

272 1323 409 1385 nominis
442 1330 583 1405 quaerat.
636 1325 673 1385 ln
704 1333 822 1387 octava
853 1335 943 1407 optat
974 1327 1177 1411 facultatem,
1212 1346 1305 1409 quam
1325 1320 1428 1390 vetus

274 1430 384 1506 fabula
405 1415 507 1513 linxit,
530 1451 589 1518 per
610 1423 687 1495 abra
708 1431 848 1515 volandi,
871 1443 906 1494 ut
927 1435 1061 1514 patriam
1082 1434 1216 1516 revisat,
1239 1433 1299 1496 sed
1313 1437 1428 1496 statim

273 1557 350 1602 rese
368 1539 464 1621 quasi
485 1541 653 1621 corrigens
675 1559 712 1601 se
733 1542 804 1621 ipse
825 1521 1021 1622 adhortatur,
1045 1549 1079 1616 ut
1098 1517 1283 1622 Augustum
1301 1543 1423 1624 potiuS,

190 1635 192 1638 ⁵
273 1649 326 1730 qui
348 1645 470 1727 eripere
493 1665 532 1707 se
554 1665 573 1706 e
594 1647 686 1718 malis
708 1648 823 1730 possit,
847 1646 972 1728 adoret;
996 1667 1068 1738 eum
1090 1649 1174 1708 enim
1190 1637 1278 1710 certe
1295 1649 1427 1712 miseria
1510 1697 1511 1710 .

273 1775 333 1818 sua
355 1754 464 1815 audita
479 1752 632 1815 exsilium
660 1755 834 1816 mutatione
861 1756 923 1817 loci
944 1755 1132 1817 levaturum.
1173 1757 1211 1816 ln
1233 1774 1318 1820 noua
1338 1758 1426 1817 scri-
1510 1801 1511 1806 η

157 1929 160 1938 ἡ
273 1861 330 1944 bit,
353 1859 437 1922 unde
459 1861 569 1942 Tomi,
598 1860 743 1922 exsilium
772 1879 881 1941 suum,
911 1879 1027 1921 nomen
1054 1868 1195 1925 teneant.
1237 1863 1274 1922 ln
1296 1861 1426 1924 decima
1510 1855 1511 1896 ³

275 1966 428 2030 describit
455 1968 579 2029 tristem
608 1966 725 2029 faciem
752 1987 792 2030 ac
820 1968 961 2052 pericula
992 1965 1179 2031 'l'omitanae
1206 1967 1329 2032 hiemis.
1387 1970 1424 2030 ln
1510 2027 1511 2052 ,

273 2074 472 2137 undecima
461 2093 495 2135 ιιι
517 2074 691 2156 malignum
712 2075 870 2157 quendam
891 2074 1062 2157 hominem,
1086 2078 1137 2156 qui
1157 2069 1340 2137 memoriam
1361 2075 1425 2136 de-

274 2184 417 2250 lictorum
439 2200 568 2267 suorum
588 2189 772 2263 renovarat,
794 2181 963 2246 invehitur.
1006 2182 1042 2242 ln
1057 2180 1246 2244 duodecima
1258 2191 1425 2264 comparat
1510 2159 1511 2166 ἵ

273 2291 362 2353 veris
383 2289 491 2352 Italici·
506 2290 733 2351 amoenitatem
755 2306 827 2364 cum
847 2307 926 2349 vere
948 2289 1123 2354 'domitano
1166 2289 1273 2351 'l'ertia
1297 2271 1423 2353 decima

162 2396 164 2402 ’
273 2401 370 2463 estin
383 2399 523 2460 natalem
545 2416 649 2480 suum,
674 2415 768 2480 quem
788 2396 946 2479 obiurgat,
971 2394 1055 2478 quod
1076 2415 1114 2458 se
1135 2397 1168 2456 in
1189 2381 1357 2478 Scythiam
1378 2399 1422 2460 sit
1510 2437 1511 2460 ι

273 2514 416 2568 secutus.
457 2506 494 2568 lu
516 2513 629 2586 quarta
651 2492 780 2566 decima
801 2503 1003 2567 commendat
1024 2504 1126 2566 amico
1148 2504 1198 2564 sui
1217 2504 1291 2565 loco
1310 2504 1422 2566 Meta·

210 2627 212 2634 “
273 2612 487 2690 morphoseon
516 2631 615 2690 opus,
650 2620 682 2671 et
709 2612 811 2693 haec,
846 2613 1077 2694 qualiacunque
1109 2608 1148 2670 de
1165 2609 1278 2690 nPonto
1303 2611 1421 2692 mittat,
1510 2593 1511 2668 i

273 2717 400 2783 Tristia.
442 2718 479 2776 ln
499 2717 523 2775 l.
546 2715 652 2796 elegia
673 2717 742 2776 libri
762 2717 836 2798 lV.,
868 2709 1041 2827 quaes-eius
1062 2716 1131 2778 libri
1151 2715 1243 2798 quasi
1261 2715 1423 2794 praefatio
1510 2699 1511 2742 t

275 2832 338 2905 est,
361 2823 483 2905 scribit,
508 2839 575 2890 cur
585 2823 681 2883 etiam
707 2840 791 2884 nunc
818 2833 935 2885 versus
964 2831 1151 2930 componat,
1179 2823 1367 2902 veniamque
1399 2841 1423 2885 a
1510 2841 1511 2906 ξ

150 2943 163 2958 ’·
223 3006 227 3018 ⁸
273 2931 455 3013 legentibus
483 2949 523 3010 pe
525 2930 562 2991 tit
592 2929 752 3010 propter
749 2929 957 2992 miserrimam
985 2932 1017 2992 in
1044 2949 1107 3013 qua
1135 2939 1284 2992 versetur
1305 2927 1421 2990 condi·
1510 2973 1511 2996 ι

273 3040 400 3101 tionem.
443 3035 539 3100 lull.
563 3033 744 3099 Germanos
766 3055 786 3096 a
804 3024 852 3098 Cl.
875 3017 1000 3098 'liberio
1018 3039 1145 3118 penitus
1164 3036 1312 3099 devictos
1321 3017 1422 3124 lingit

273 3149 478 3229 habitumque
501 3148 541 3208 ab
565 3164 603 3206 eo
625 3145 709 3207 hanc
732 3147 770 3208 ob
792 3145 958 3208 victoriam
980 3145 1170 3225 triumphum
1188 3114 1349 3206 describit
1383 3143 1421 3204 Iu

82 3291 85 3296 -
182 3314 185 3319 ,
274 3256 331 3314 ΙΠ.·
355 3255 463 3314 uxoris
491 3251 587 3314 fidem
614 3249 723 3314 laudat
753 3261 817 3334 et,
832 3259 866 3310 ut
888 3269 959 3336 cam
982 3253 1077 3312 etiam
1099 3270 1192 3331 porro
1214 3233 1275 3312 sibi
1297 3257 1420 3325 servet,

274 3359 427 3423 hortatur.
476 3360 512 3418 ln
539 3361 596 3421 lv
619 3360 721 3420 arnico
748 3358 844 3417 nobili
871 3332 997 3464 scribit,
1026 3355 1196 3439 peccatum
1223 3375 1330 3458 suum,
1359 3374 1421 3438 quo
1510 3407 1511 3414 ,

274 3467 505 3548 Augustiiram
517 3459 666 3526 meruerit
666 3465 799 3546 ,magis
822 3483 959 3530 errorem
980 3455 1074 3552 quam
1097 3466 1207 3527 scelus
1221 3463 1335 3545 fuisse,
1357 3463 1422 3523 ita·

276 3593 338 3655 que
360 3593 380 3634 a
401 3573 558 3653 Principis
581 3563 750 3634 clementia
771 3572 876 3638 mitius
899 3592 937 3634 se
962 3573 1173 3654 propiusque
1182 3549 1222 3633 ab
1246 3555 1334 3637 Urbe
1361 3589 1422 3631 cx·
1510 3599 1511 3602 ¹

276 3681 379 3742 silium
401 3699 542 3759 sperare.
584 3676 620 3741 ln
637 3681 684 3744 V.
709 3680 803 3741 amici
824 3679 919 3740 iidem
941 3669 1050 3741 laudat
1071 3680 1164 3759 cique
1180 3685 1307 3759 gratum
1328 3695 1421 3740 suum
1510 3739 1511 3746 χ

277 3789 414 3850 animum
436 3786 590 3872 declarat,
618 3790 773 3870 petitque,
802 3795 837 3847 ut
862 3788 1000 3868 posthac
1022 3787 1119 3854 etiam
1141 3787 1202 3846 sibi
1223 3804 1316 3866 opem
1338 3783 1422 3845 ferre
1510 3853 1511 3880 ¹

228 3951 234 3970 ,
275 3897 363 3959 velit.
415 3896 451 3956 in
482 3894 538 3958 VI.
571 3895 890 3979 scribit,·temporc,
932 3913 993 3975 quo
1029 3895 1146 3976 omnia*
1166 3901 1338 3975 mutentur,
1361 3909 1422 3952 sua
1510 3951 1511 3980 ,

275 4005 361 4066 mala
382 4023 445 4065 non
466 4002 562 4063 minui
595 4010 690 4084 atque
718 4003 831 4084 levari,
859 4001 919 4065 scd
946 4001 1041 4063 etiam
1068 3993 1312 4063 intolerabiliora
1339 3995 1450 4079 fieri,
1510 3991 1511 4008 ¹

276 4110 383 4196 itaque
404 4129 500 4171 unum
522 4110 669 4172 solatium
691 4091 779 4193 csse,
809 4108 892 4190 quod
918 4109 1217 4191 propinqua'morte
1240 4107 1336 4168 finem
1357 4106 1422 4166 sint

277 4217 435 4279 habitura.
483 4218 520 4277 ln
545 4218 617 4281 Vll.
644 4218 729 4298 apud
756 4217 892 4279 amicum
925 4215 1079 4299 queritur,
1115 4215 1198 4297 quod
1229 4233 1291 4296 per
1321 4221 1423 4274 totum

276 4323 448 4404 biennium,
472 4337 514 4384 ex
534 4340 596 4403 quo
617 4325 649 4384 in
670 4325 782 4387 exsilio
797 4324 851 4404 sit,
868 4323 943 4386 nihil
960 4323 1000 4386 ab
1018 4340 1057 4384 eo
1073 4323 1236 4404 acceperit
1250 4321 1421 4384 literarum.
