<?xml version="1.0" encoding="UTF-8"?>
<!DOCTYPE html PUBLIC "-//W3C//DTD XHTML 1.0 Transitional//EN"
    "http://www.w3.org/TR/xhtml1/DTD/xhtml1-transitional.dtd">
<html xmlns="http://www.w3.org/1999/xhtml" xml:lang="en" lang="en">
 <head>
  <title>
</title>
<meta http-equiv="Content-Type" content="text/html;charset=utf-8" />
  <meta name='ocr-system' content='tesseract 3.04.00' />
  <meta name='ocr-capabilities' content='ocr_page ocr_carea ocr_par ocr_line ocrx_word'/>
</head>
<body>
  <div class='ocr_page' id='page_1' title='image "./povidiinasonist00loergoog_0050.png"; bbox 0 0 3078 4912; ppageno 0'>
   <div class='ocr_carea' id='block_1_1' title="bbox 261 345 1196 486">
    <p class='ocr_par' dir='ltr' id='par_1_1' title="bbox 261 345 1196 486">
     <span class='ocr_line' id='line_1_1' title="bbox 261 345 1196 486; baseline 0.005 -45"><span class='ocrx_word' id='word_1_1' title='bbox 261 363 350 486; x_wconf 31' lang='lat' dir='ltr'><strong>&#39;u</strong></span> <span class='ocrx_word' id='word_1_2' title='bbox 624 345 1081 439; x_wconf 76' lang='lat' dir='ltr'><strong>&#39;unonnnonnna</strong></span> <span class='ocrx_word' id='word_1_3' title='bbox 1177 431 1196 446; x_wconf 87' lang='lat'><em>.</em></span> 
     </span>
    </p>
   </div>
   <div class='ocr_carea' id='block_1_2' title="bbox 170 542 1499 3931">
    <p class='ocr_par' dir='ltr' id='par_1_2' title="bbox 293 542 1439 628">
     <span class='ocr_line' id='line_1_2' title="bbox 293 542 1439 628; baseline -0.003 -18"><span class='ocrx_word' id='word_1_4' title='bbox 293 543 470 610; x_wconf 78' lang='lat' dir='ltr'><strong>ratnnbm</strong></span> <span class='ocrx_word' id='word_1_5' title='bbox 492 542 677 628; x_wconf 72' lang='lat' dir='ltr'><strong>cumulavit,</strong></span> <span class='ocrx_word' id='word_1_6' title='bbox 700 558 741 608; x_wconf 89' lang='lat' dir='ltr'><strong>aa</strong></span> <span class='ocrx_word' id='word_1_7' title='bbox 760 561 860 626; x_wconf 90' lang='lat' dir='ltr'><strong>prope</strong></span> <span class='ocrx_word' id='word_1_8' title='bbox 883 543 1026 628; x_wconf 81' lang='lat' dir='ltr'>dixerim,</span> <span class='ocrx_word' id='word_1_9' title='bbox 1044 544 1201 628; x_wconf 85' lang='lat' dir='ltr'><strong>oneravit,</strong></span> <span class='ocrx_word' id='word_1_10' title='bbox 1219 563 1281 628; x_wconf 93' lang='lat' dir='ltr'><strong>quo</strong></span> <span class='ocrx_word' id='word_1_11' title='bbox 1297 544 1439 610; x_wconf 89' lang='lat' dir='ltr'><strong>luminum</strong></span> 
     </span>
    </p>

    <p class='ocr_par' dir='ltr' id='par_1_3' title="bbox 234 651 1499 2564">
     <span class='ocr_line' id='line_1_3' title="bbox 234 651 1438 738; baseline -0.002 -24"><span class='ocrx_word' id='word_1_12' title='bbox 234 707 237 714; x_wconf 94' lang='grc'><em>,</em></span> <span class='ocrx_word' id='word_1_13' title='bbox 291 655 417 718; x_wconf 89' lang='lat' dir='ltr'><strong>illorum</strong></span> <span class='ocrx_word' id='word_1_14' title='bbox 436 653 489 716; x_wconf 88' lang='lat' dir='ltr'><strong>vis</strong></span> <span class='ocrx_word' id='word_1_15' title='bbox 512 661 609 738; x_wconf 91' lang='lat' dir='ltr'><strong>atque</strong></span> <span class='ocrx_word' id='word_1_16' title='bbox 630 653 782 716; x_wconf 82' lang='lat' dir='ltr'><strong>efficacia</strong></span> <span class='ocrx_word' id='word_1_17' title='bbox 801 669 865 714; x_wconf 92' lang='lat' dir='ltr'><strong>non</strong></span> <span class='ocrx_word' id='word_1_18' title='bbox 885 671 997 732; x_wconf 90' lang='lat' dir='ltr'><strong>parum</strong></span> <span class='ocrx_word' id='word_1_19' title='bbox 1023 651 1225 738; x_wconf 77' lang='lat' dir='ltr'><strong>debilitatur,</strong></span> <span class='ocrx_word' id='word_1_20' title='bbox 1259 654 1438 736; x_wconf 88' lang='lat' dir='ltr'><strong>animusque</strong></span> 
     </span>
     <span class='ocr_line' id='line_1_4' title="bbox 293 759 1437 847; baseline -0.004 -21"><span class='ocrx_word' id='word_1_21' title='bbox 293 761 435 847; x_wconf 78' lang='lat' dir='ltr'><strong>legentis</strong></span> <span class='ocrx_word' id='word_1_22' title='bbox 449 759 478 826; x_wconf 82' lang='lat' dir='ltr'><strong>&#39;a</strong></span> <span class='ocrx_word' id='word_1_23' title='bbox 497 775 621 824; x_wconf 86' lang='lat' dir='ltr'><strong>summa</strong></span> <span class='ocrx_word' id='word_1_24' title='bbox 643 761 806 842; x_wconf 76' lang='lat' dir='ltr'><strong>carminis,</strong></span> <span class='ocrx_word' id='word_1_25' title='bbox 830 767 864 820; x_wconf 90' lang='lat' dir='ltr'><strong>et</strong></span> <span class='ocrx_word' id='word_1_26' title='bbox 887 759 927 827; x_wconf 94' lang='lat' dir='ltr'><strong>ab</strong></span> <span class='ocrx_word' id='word_1_27' title='bbox 948 760 1021 840; x_wconf 91' lang='lat' dir='ltr'><strong>ipsa</strong></span> <span class='ocrx_word' id='word_1_28' title='bbox 1041 780 1089 844; x_wconf 92' lang='lat' dir='ltr'><strong>re,</strong></span> <span class='ocrx_word' id='word_1_29' title='bbox 1113 779 1196 842; x_wconf 89' lang='lat' dir='ltr'><strong>quae</strong></span> <span class='ocrx_word' id='word_1_30' title='bbox 1219 761 1283 822; x_wconf 91' lang='lat' dir='ltr'><strong>illis</strong></span> <span class='ocrx_word' id='word_1_31' title='bbox 1303 761 1437 823; x_wconf 87' lang='lat' dir='ltr'><strong>illustra-</strong></span> 
     </span>
     <span class='ocr_line' id='line_1_5' title="bbox 293 863 1436 954; baseline -0.008 -18"><span class='ocrx_word' id='word_1_32' title='bbox 293 880 345 936; x_wconf 90' lang='lat' dir='ltr'><strong>tur</strong></span> <span class='ocrx_word' id='word_1_33' title='bbox 366 879 399 954; x_wconf 84' lang='lat' dir='ltr'><strong>et</strong></span> <span class='ocrx_word' id='word_1_34' title='bbox 419 877 560 952; x_wconf 90' lang='lat' dir='ltr'><strong>ornatur,</strong></span> <span class='ocrx_word' id='word_1_35' title='bbox 583 865 625 931; x_wconf 89' lang='lat' dir='ltr'><strong>ad</strong></span> <span class='ocrx_word' id='word_1_36' title='bbox 647 867 791 949; x_wconf 77' lang='lat' dir='ltr'><strong>singulas</strong></span> <span class='ocrx_word' id='word_1_37' title='bbox 814 866 884 929; x_wconf 90' lang='lat' dir='ltr'><strong>eius</strong></span> <span class='ocrx_word' id='word_1_38' title='bbox 905 863 1022 948; x_wconf 60' lang='lat' dir='ltr'><strong>partes*</strong></span> <span class='ocrx_word' id='word_1_39' title='bbox 1036 876 1092 929; x_wconf 92' lang='lat' dir='ltr'><strong>ant</strong></span> <span class='ocrx_word' id='word_1_40' title='bbox 1107 866 1300 932; x_wconf 89' lang='lat' dir='ltr'><strong>secundaria</strong></span> <span class='ocrx_word' id='word_1_41' title='bbox 1317 870 1436 930; x_wconf 89' lang='lat' dir='ltr'><strong>abstra-</strong></span> 
     </span>
     <span class='ocr_line' id='line_1_6' title="bbox 292 972 1436 1059; baseline -0.007 -15"><span class='ocrx_word' id='word_1_42' title='bbox 292 979 386 1044; x_wconf 87' lang='lat' dir='ltr'><strong>hitur.</strong></span> <span class='ocrx_word' id='word_1_43' title='bbox 428 977 546 1059; x_wconf 90' lang='lat' dir='ltr'><strong>Neque</strong></span> <span class='ocrx_word' id='word_1_44' title='bbox 568 975 608 1038; x_wconf 88' lang='lat' dir='ltr'><strong>ab</strong></span> <span class='ocrx_word' id='word_1_45' title='bbox 632 974 703 1036; x_wconf 86' lang='lat' dir='ltr'><strong>aliis</strong></span> <span class='ocrx_word' id='word_1_46' title='bbox 723 975 883 1036; x_wconf 83' lang='lat' dir='ltr'><strong>rhetorum</strong></span> <span class='ocrx_word' id='word_1_47' title='bbox 897 974 1083 1058; x_wconf 90' lang='lat' dir='ltr'><strong>pigmentis,</strong></span> <span class='ocrx_word' id='word_1_48' title='bbox 1106 973 1147 1037; x_wconf 90' lang='lat' dir='ltr'><strong>ab</strong></span> <span class='ocrx_word' id='word_1_49' title='bbox 1169 975 1254 1036; x_wconf 88' lang='lat' dir='ltr'><strong>inani</strong></span> <span class='ocrx_word' id='word_1_50' title='bbox 1275 972 1436 1036; x_wconf 87' lang='lat' dir='ltr'><strong>verborum</strong></span> 
     </span>
     <span class='ocr_line' id='line_1_7' title="bbox 292 1079 1436 1166; baseline -0.009 -17"><span class='ocrx_word' id='word_1_51' title='bbox 292 1083 501 1166; x_wconf 77' lang='lat' dir='ltr'><strong>repetitione,</strong></span> <span class='ocrx_word' id='word_1_52' title='bbox 533 1079 763 1143; x_wconf 87' lang='lat' dir='ltr'><strong>sententiarum</strong></span> <span class='ocrx_word' id='word_1_53' title='bbox 791 1089 825 1143; x_wconf 89' lang='lat' dir='ltr'><strong>et</strong></span> <span class='ocrx_word' id='word_1_54' title='bbox 850 1082 1082 1144; x_wconf 88' lang='lat' dir='ltr'><strong>versiculorum</strong></span> <span class='ocrx_word' id='word_1_55' title='bbox 1109 1081 1389 1165; x_wconf 87' lang='lat' dir='ltr'><strong>concinnitatibus,</strong></span> <span class='ocrx_word' id='word_1_56' title='bbox 1409 1086 1436 1140; x_wconf 86' lang='lat' dir='ltr'><strong>et</strong></span> 
     </span>
     <span class='ocr_line' id='line_1_8' title="bbox 292 1184 1436 1274; baseline -0.003 -21"><span class='ocrx_word' id='word_1_57' title='bbox 292 1208 378 1274; x_wconf 90' lang='lat' dir='ltr'><strong>qnae</strong></span> <span class='ocrx_word' id='word_1_58' title='bbox 393 1195 470 1250; x_wconf 89' lang='lat' dir='ltr'><strong>sunt</strong></span> <span class='ocrx_word' id='word_1_59' title='bbox 483 1186 577 1249; x_wconf 89' lang='lat' dir='ltr'><strong>huius</strong></span> <span class='ocrx_word' id='word_1_60' title='bbox 597 1184 727 1269; x_wconf 83' lang='lat' dir='ltr'><strong>generis</strong></span> <span class='ocrx_word' id='word_1_61' title='bbox 749 1185 823 1269; x_wconf 85' lang='lat' dir='ltr'><strong>alia,</strong></span> <span class='ocrx_word' id='word_1_62' title='bbox 847 1189 928 1252; x_wconf 91' lang='lat' dir='ltr'><strong>satis</strong></span> <span class='ocrx_word' id='word_1_63' title='bbox 946 1188 1116 1272; x_wconf 84' lang='lat' dir='ltr'><strong>diligenter</strong></span> <span class='ocrx_word' id='word_1_64' title='bbox 1131 1189 1335 1270; x_wconf 83' lang='lat' dir='ltr'><strong>temperavit.</strong></span> <span class='ocrx_word' id='word_1_65' title='bbox 1376 1190 1436 1250; x_wconf 89' lang='lat' dir='ltr'><strong>Ile·</strong></span> 
     </span>
     <span class='ocr_line' id='line_1_9' title="bbox 291 1285 1499 1378; baseline -0.003 -19"><span class='ocrx_word' id='word_1_66' title='bbox 291 1295 388 1378; x_wconf 89' lang='lat' dir='ltr'><strong>nique</strong></span> <span class='ocrx_word' id='word_1_67' title='bbox 409 1295 441 1356; x_wconf 90' lang='lat' dir='ltr'><strong>in</strong></span> <span class='ocrx_word' id='word_1_68' title='bbox 464 1293 622 1357; x_wconf 89' lang='lat' dir='ltr'><strong>nonnullis</strong></span> <span class='ocrx_word' id='word_1_69' title='bbox 643 1309 769 1375; x_wconf 91' lang='lat' dir='ltr'><strong>quoque</strong></span> <span class='ocrx_word' id='word_1_70' title='bbox 789 1285 980 1359; x_wconf 82' lang='lat' dir='ltr'><strong>carminibus</strong></span> <span class='ocrx_word' id='word_1_71' title='bbox 1002 1297 1130 1359; x_wconf 89' lang='lat' dir='ltr'><strong>nimium</strong></span> <span class='ocrx_word' id='word_1_72' title='bbox 1154 1291 1291 1358; x_wconf 85' lang='lat' dir='ltr'><strong>allectus</strong></span> <span class='ocrx_word' id='word_1_73' title='bbox 1306 1295 1436 1360; x_wconf 92' lang='lat' dir='ltr'><strong>studium</strong></span> <span class='ocrx_word' id='word_1_74' title='bbox 1498 1327 1499 1334; x_wconf 22' lang='grc' dir='ltr'><strong>κ</strong></span> 
     </span>
     <span class='ocr_line' id='line_1_10' title="bbox 291 1389 1435 1486; baseline -0.003 -22"><span class='ocrx_word' id='word_1_75' title='bbox 291 1409 440 1486; x_wconf 90' lang='lat' dir='ltr'><strong>notatur,</strong></span> <span class='ocrx_word' id='word_1_76' title='bbox 468 1389 651 1485; x_wconf 82' lang='lat' dir='ltr'><strong>sensusque</strong></span> <span class='ocrx_word' id='word_1_77' title='bbox 679 1417 743 1464; x_wconf 92' lang='lat' dir='ltr'><strong>non</strong></span> <span class='ocrx_word' id='word_1_78' title='bbox 771 1402 842 1464; x_wconf 90' lang='lat' dir='ltr'><strong>veri</strong></span> <span class='ocrx_word' id='word_1_79' title='bbox 868 1419 909 1465; x_wconf 89' lang='lat' dir='ltr'><strong>ao</strong></span> <span class='ocrx_word' id='word_1_80' title='bbox 933 1404 1050 1469; x_wconf 81' lang='lat' dir='ltr'><strong>sinceri</strong></span> <span class='ocrx_word' id='word_1_81' title='bbox 1071 1392 1228 1486; x_wconf 85' lang='lat' dir='ltr'><strong>plenoque</strong></span> <span class='ocrx_word' id='word_1_82' title='bbox 1250 1401 1290 1464; x_wconf 93' lang='lat' dir='ltr'><strong>de</strong></span> <span class='ocrx_word' id='word_1_83' title='bbox 1314 1411 1435 1484; x_wconf 81' lang='lat' dir='ltr'><strong>pectore</strong></span> 
     </span>
     <span class='ocr_line' id='line_1_11' title="bbox 293 1495 1435 1594; baseline -0.003 -22"><span class='ocrx_word' id='word_1_84' title='bbox 293 1509 490 1594; x_wconf 87' lang='lat' dir='ltr'><strong>profluentes</strong></span> <span class='ocrx_word' id='word_1_85' title='bbox 511 1509 571 1574; x_wconf 88' lang='lat' dir='ltr'><strong>sed</strong></span> <span class='ocrx_word' id='word_1_86' title='bbox 592 1509 635 1572; x_wconf 89' lang='lat' dir='ltr'><strong>ad</strong></span> <span class='ocrx_word' id='word_1_87' title='bbox 655 1507 867 1589; x_wconf 88' lang='lat' dir='ltr'><strong>impellendos</strong></span> <span class='ocrx_word' id='word_1_88' title='bbox 888 1495 1203 1592; x_wconf 86' lang='lat' dir='ltr'><strong>commovendosquo</strong></span> <span class='ocrx_word' id='word_1_89' title='bbox 1214 1511 1390 1591; x_wconf 89' lang='lat' dir='ltr'><strong>legentium</strong></span> <span class='ocrx_word' id='word_1_90' title='bbox 1404 1527 1435 1569; x_wconf 91' lang='lat' dir='ltr'><strong>a·</strong></span> 
     </span>
     <span class='ocr_line' id='line_1_12' title="bbox 288 1615 1499 1699; baseline -0.004 -18"><span class='ocrx_word' id='word_1_91' title='bbox 288 1618 395 1694; x_wconf 50' lang='lat' dir='ltr'><strong>,nimos</strong></span> <span class='ocrx_word' id='word_1_92' title='bbox 418 1617 568 1682; x_wconf 84' lang='lat' dir='ltr'><strong>arcessiti</strong></span> <span class='ocrx_word' id='word_1_93' title='bbox 590 1635 667 1678; x_wconf 88' lang='lat' dir='ltr'><strong>esse</strong></span> <span class='ocrx_word' id='word_1_94' title='bbox 687 1615 846 1683; x_wconf 87' lang='lat' dir='ltr'><strong>videntur.</strong></span> <span class='ocrx_word' id='word_1_95' title='bbox 889 1617 1020 1683; x_wconf 84' lang='lat' dir='ltr'><strong>Caussa</strong></span> <span class='ocrx_word' id='word_1_96' title='bbox 1031 1636 1110 1679; x_wconf 89' lang='lat' dir='ltr'><strong>vero</strong></span> <span class='ocrx_word' id='word_1_97' title='bbox 1125 1618 1237 1679; x_wconf 87' lang='lat' dir='ltr'><strong>horum</strong></span> <span class='ocrx_word' id='word_1_98' title='bbox 1249 1618 1435 1699; x_wconf 87' lang='lat' dir='ltr'><strong>elegantium</strong></span> <span class='ocrx_word' id='word_1_99' title='bbox 1498 1661 1499 1666; x_wconf 18' lang='grc' dir='ltr'>η</span> 
     </span>
     <span class='ocr_line' id='line_1_13' title="bbox 290 1721 1435 1807; baseline -0.007 -19"><span class='ocrx_word' id='word_1_100' title='bbox 290 1727 440 1788; x_wconf 86' lang='lat' dir='ltr'><strong>vitiorum</strong></span> <span class='ocrx_word' id='word_1_101' title='bbox 467 1721 643 1804; x_wconf 82' lang='lat' dir='ltr'><strong>repetenda</strong></span> <span class='ocrx_word' id='word_1_102' title='bbox 671 1725 785 1804; x_wconf 91' lang='lat' dir='ltr'><strong>partim</strong></span> <span class='ocrx_word' id='word_1_103' title='bbox 808 1723 939 1786; x_wconf 87' lang='lat' dir='ltr'><strong>videtur</strong></span> <span class='ocrx_word' id='word_1_104' title='bbox 965 1730 1127 1807; x_wconf 78' lang='lat' dir='ltr'><strong>epoiitae</strong></span> <span class='ocrx_word' id='word_1_105' title='bbox 1156 1723 1301 1787; x_wconf 89' lang='lat' dir='ltr'><strong>doctrina</strong></span> <span class='ocrx_word' id='word_1_106' title='bbox 1326 1723 1435 1807; x_wconf 90' lang='lat' dir='ltr'><strong>puerili.</strong></span> 
     </span>
     <span class='ocr_line' id='line_1_14' title="bbox 292 1810 1499 1916; baseline -0.003 -22"><span class='ocrx_word' id='word_1_107' title='bbox 292 1829 434 1894; x_wconf 80' lang='lat' dir='ltr'><strong>Constet</strong></span> <span class='ocrx_word' id='word_1_108' title='bbox 455 1829 538 1892; x_wconf 92' lang='lat' dir='ltr'><strong>enim</strong></span> <span class='ocrx_word' id='word_1_109' title='bbox 560 1828 721 1914; x_wconf 84' lang='lat' dir='ltr'><strong>Ouidium,</strong></span> <span class='ocrx_word' id='word_1_110' title='bbox 744 1829 788 1916; x_wconf 91' lang='lat' dir='ltr'><strong>ad</strong></span> <span class='ocrx_word' id='word_1_111' title='bbox 809 1847 951 1894; x_wconf 88' lang='lat' dir='ltr'><strong>summos</strong></span> <span class='ocrx_word' id='word_1_112' title='bbox 972 1810 1159 1914; x_wconf 82' lang='lat' dir='ltr'><strong>incivitate</strong></span> <span class='ocrx_word' id='word_1_113' title='bbox 1179 1829 1320 1910; x_wconf 84' lang='lat' dir='ltr'><strong>honores</strong></span> <span class='ocrx_word' id='word_1_114' title='bbox 1343 1852 1362 1895; x_wconf 93' lang='lat' dir='ltr'><strong>a</strong></span> <span class='ocrx_word' id='word_1_115' title='bbox 1380 1849 1435 1912; x_wconf 90' lang='lat' dir='ltr'><strong>pa·</strong></span> <span class='ocrx_word' id='word_1_116' title='bbox 1498 1845 1499 1902; x_wconf 82' lang='lat' dir='ltr'><strong>j</strong></span> 
     </span>
     <span class='ocr_line' id='line_1_15' title="bbox 290 1917 1435 2020; baseline -0.005 -19"><span class='ocrx_word' id='word_1_117' title='bbox 290 1947 340 2002; x_wconf 90' lang='lat' dir='ltr'><strong>tre</strong></span> <span class='ocrx_word' id='word_1_118' title='bbox 369 1937 583 2020; x_wconf 85' lang='lat' dir='ltr'><strong>destinatum,</strong></span> <span class='ocrx_word' id='word_1_119' title='bbox 615 1938 647 1998; x_wconf 92' lang='lat' dir='ltr'><strong>in</strong></span> <span class='ocrx_word' id='word_1_120' title='bbox 675 1938 776 2018; x_wconf 92' lang='lat' dir='ltr'><strong>prima</strong></span> <span class='ocrx_word' id='word_1_121' title='bbox 804 1937 938 2019; x_wconf 88' lang='lat' dir='ltr'><strong>pueritia</strong></span> <span class='ocrx_word' id='word_1_122' title='bbox 966 1939 998 2000; x_wconf 89' lang='lat' dir='ltr'><strong>in</strong></span> <span class='ocrx_word' id='word_1_123' title='bbox 1022 1929 1142 2002; x_wconf 83' lang='lat' dir='ltr'><strong>Urbem</strong></span> <span class='ocrx_word' id='word_1_124' title='bbox 1162 1917 1307 2020; x_wconf 87' lang='lat' dir='ltr'><strong>missum,</strong></span> <span class='ocrx_word' id='word_1_125' title='bbox 1335 1947 1367 2001; x_wconf 90' lang='lat' dir='ltr'><strong>et</strong></span> <span class='ocrx_word' id='word_1_126' title='bbox 1386 1952 1435 2018; x_wconf 89' lang='lat' dir='ltr'><strong>pro</strong></span> 
     </span>
     <span class='ocr_line' id='line_1_16' title="bbox 290 2025 1499 2124; baseline -0.003 -16"><span class='ocrx_word' id='word_1_127' title='bbox 290 2064 380 2108; x_wconf 91' lang='lat' dir='ltr'><strong>more</strong></span> <span class='ocrx_word' id='word_1_128' title='bbox 400 2025 522 2106; x_wconf 83' lang='lat' dir='ltr'><strong>illorum</strong></span> <span class='ocrx_word' id='word_1_129' title='bbox 543 2052 720 2124; x_wconf 90' lang='lat' dir='ltr'><strong>temporum</strong></span> <span class='ocrx_word' id='word_1_130' title='bbox 741 2044 866 2108; x_wconf 86' lang='lat' dir='ltr'><strong>scholis</strong></span> <span class='ocrx_word' id='word_1_131' title='bbox 890 2053 924 2106; x_wconf 90' lang='lat' dir='ltr'><strong>et</strong></span> <span class='ocrx_word' id='word_1_132' title='bbox 944 2047 1064 2109; x_wconf 88' lang='lat' dir='ltr'><strong>artibus</strong></span> <span class='ocrx_word' id='word_1_133' title='bbox 1085 2047 1246 2111; x_wconf 86' lang='lat' dir='ltr'><strong>rhetorum</strong></span> <span class='ocrx_word' id='word_1_134' title='bbox 1268 2063 1348 2108; x_wconf 88' lang='lat' dir='ltr'><strong>esse</strong></span> <span class='ocrx_word' id='word_1_135' title='bbox 1369 2062 1435 2106; x_wconf 91' lang='lat' dir='ltr'><strong>eru·</strong></span> <span class='ocrx_word' id='word_1_136' title='bbox 1498 2057 1499 2112; x_wconf 63' lang='grc'><strong>1</strong></span> 
     </span>
     <span class='ocr_line' id='line_1_17' title="bbox 290 2149 1435 2238; baseline -0.005 -22"><span class='ocrx_word' id='word_1_137' title='bbox 290 2153 402 2238; x_wconf 92' lang='lat' dir='ltr'><strong>ditum,</strong></span> <span class='ocrx_word' id='word_1_138' title='bbox 425 2151 729 2232; x_wconf 76' lang='lat' dir='ltr'><strong>adolescentemque</strong></span> <span class='ocrx_word' id='word_1_139' title='bbox 750 2169 869 2233; x_wconf 92' lang='lat' dir='ltr'><strong>magno</strong></span> <span class='ocrx_word' id='word_1_140' title='bbox 892 2149 964 2214; x_wconf 88' lang='lat' dir='ltr'><strong>cum</strong></span> <span class='ocrx_word' id='word_1_141' title='bbox 978 2153 1091 2215; x_wconf 85' lang='lat' dir='ltr'><strong>&#39;studio</strong></span> <span class='ocrx_word' id='word_1_142' title='bbox 1112 2172 1174 2215; x_wconf 92' lang='lat' dir='ltr'><strong>neo</strong></span> <span class='ocrx_word' id='word_1_143' title='bbox 1196 2153 1266 2216; x_wconf 87' lang='lat' dir='ltr'><strong>sine</strong></span> <span class='ocrx_word' id='word_1_144' title='bbox 1283 2167 1435 2216; x_wconf 86' lang='lat' dir='ltr'><strong>successu</strong></span> 
     </span>
     <span class='ocr_line' id='line_1_18' title="bbox 289 2245 1499 2342; baseline -0.004 -18"><span class='ocrx_word' id='word_1_145' title='bbox 289 2261 505 2325; x_wconf 86' lang='lat' dir='ltr'><strong>declamasse.</strong></span> <span class='ocrx_word' id='word_1_146' title='bbox 549 2259 666 2321; x_wconf 86' lang='lat' dir='ltr'><strong>Senec.</strong></span> <span class='ocrx_word' id='word_1_147' title='bbox 689 2256 842 2319; x_wconf 83' lang='lat' dir='ltr'><strong>Controv.</strong></span> <span class='ocrx_word' id='word_1_148' title='bbox 864 2259 903 2338; x_wconf 85' lang='lat' dir='ltr'><strong>ll.</strong></span> <span class='ocrx_word' id='word_1_149' title='bbox 923 2260 954 2321; x_wconf 54' lang='grc' dir='ltr'><strong>ἢ.</strong></span> <span class='ocrx_word' id='word_1_150' title='bbox 997 2262 1092 2322; x_wconf 77' lang='lat' dir='ltr'><strong>&#39;frist</strong></span> <span class='ocrx_word' id='word_1_151' title='bbox 1113 2260 1173 2342; x_wconf 92' lang='lat' dir='ltr'><strong>IV,</strong></span> <span class='ocrx_word' id='word_1_152' title='bbox 1196 2259 1243 2321; x_wconf 90' lang='lat'><strong>10.</strong></span> <span class='ocrx_word' id='word_1_153' title='bbox 1287 2245 1363 2322; x_wconf 85' lang='lat' dir='ltr'><strong>Huc</strong></span> <span class='ocrx_word' id='word_1_154' title='bbox 1383 2275 1435 2320; x_wconf 89' lang='lat' dir='ltr'><strong>ao·</strong></span> <span class='ocrx_word' id='word_1_155' title='bbox 1466 2280 1468 2288; x_wconf 94' lang='lat'>·</span> <span class='ocrx_word' id='word_1_156' title='bbox 1498 2247 1499 2270; x_wconf 61' lang='lat'>¹</span> 
     </span>
     <span class='ocr_line' id='line_1_19' title="bbox 289 2353 1433 2453; baseline -0.007 -19"><span class='ocrx_word' id='word_1_157' title='bbox 289 2370 388 2453; x_wconf 87' lang='lat' dir='ltr'><strong>cedit,</strong></span> <span class='ocrx_word' id='word_1_158' title='bbox 409 2368 505 2452; x_wconf 91' lang='lat' dir='ltr'><strong>quod,</strong></span> <span class='ocrx_word' id='word_1_159' title='bbox 528 2368 611 2430; x_wconf 93' lang='lat' dir='ltr'><strong>utin</strong></span> <span class='ocrx_word' id='word_1_160' title='bbox 631 2366 760 2448; x_wconf 80' lang='lat' dir='ltr'><strong>reliquis</strong></span> <span class='ocrx_word' id='word_1_161' title='bbox 783 2367 956 2432; x_wconf 75' lang='lat' dir='ltr'><strong>carminum</strong></span> <span class='ocrx_word' id='word_1_162' title='bbox 976 2367 1149 2449; x_wconf 90' lang='lat' dir='ltr'><strong>generibus</strong></span> <span class='ocrx_word' id='word_1_163' title='bbox 1171 2353 1335 2448; x_wconf 85' lang='lat' dir='ltr'><strong>plerisque</strong></span> <span class='ocrx_word' id='word_1_164' title='bbox 1359 2366 1433 2448; x_wconf 82' lang='lat' dir='ltr'><strong>po‘e&#39;-</strong></span> 
     </span>
     <span class='ocr_line' id='line_1_20' title="bbox 288 2459 1434 2564; baseline -0.005 -27"><span class='ocrx_word' id='word_1_165' title='bbox 288 2486 343 2538; x_wconf 91' lang='lat' dir='ltr'><strong>tae</strong></span> <span class='ocrx_word' id='word_1_166' title='bbox 371 2475 510 2539; x_wconf 88' lang='lat' dir='ltr'><strong>Romani</strong></span> <span class='ocrx_word' id='word_1_167' title='bbox 537 2476 630 2538; x_wconf 88' lang='lat' dir='ltr'><strong>huius</strong></span> <span class='ocrx_word' id='word_1_168' title='bbox 658 2475 775 2538; x_wconf 86' lang='lat' dir='ltr'><strong>aetatis</strong></span> <span class='ocrx_word' id='word_1_169' title='bbox 794 2459 1089 2564; x_wconf 81' lang='lat' dir='ltr'><strong>Alexandrinorum</strong></span> <span class='ocrx_word' id='word_1_170' title='bbox 1117 2464 1219 2535; x_wconf 87' lang='lat' dir='ltr'><strong>artem</strong></span> <span class='ocrx_word' id='word_1_171' title='bbox 1240 2474 1434 2554; x_wconf 90' lang='lat' dir='ltr'><strong>potissimum</strong></span> 
     </span>
    </p>

    <p class='ocr_par' dir='ltr' id='par_1_4' title="bbox 239 2569 1496 2664">
     <span class='ocr_line' id='line_1_21' title="bbox 239 2569 1496 2664; baseline -0.003 -20"><span class='ocrx_word' id='word_1_172' title='bbox 239 2569 243 2576; x_wconf 70' lang='grc'><strong>’</strong></span> <span class='ocrx_word' id='word_1_173' title='bbox 288 2590 365 2644; x_wconf 89' lang='lat' dir='ltr'><strong>sunt</strong></span> <span class='ocrx_word' id='word_1_174' title='bbox 386 2583 503 2664; x_wconf 87' lang='lat' dir='ltr'><strong>secuti,</strong></span> <span class='ocrx_word' id='word_1_175' title='bbox 525 2583 574 2644; x_wconf 91' lang='lat' dir='ltr'><strong>sio</strong></span> <span class='ocrx_word' id='word_1_176' title='bbox 596 2600 721 2663; x_wconf 95' lang='lat' dir='ltr'><strong>quoque</strong></span> <span class='ocrx_word' id='word_1_177' title='bbox 743 2583 907 2664; x_wconf 83' lang='lat' dir='ltr'><strong>elegorum</strong></span> <span class='ocrx_word' id='word_1_178' title='bbox 928 2575 1114 2664; x_wconf 86' lang='lat' dir='ltr'><strong>scriptores,</strong></span> <span class='ocrx_word' id='word_1_179' title='bbox 1134 2581 1286 2661; x_wconf 86' lang='lat' dir='ltr'><strong>imprimis</strong></span> <span class='ocrx_word' id='word_1_180' title='bbox 1300 2581 1434 2662; x_wconf 87' lang='lat' dir='ltr'><strong>Proper-</strong></span> <span class='ocrx_word' id='word_1_181' title='bbox 1493 2580 1496 2657; x_wconf 75' lang='lat' dir='ltr'><strong>i</strong></span> 
     </span>
    </p>

    <p class='ocr_par' dir='ltr' id='par_1_5' title="bbox 170 2683 1433 2878">
     <span class='ocr_line' id='line_1_22' title="bbox 170 2683 1433 2770; baseline -0.003 -20"><span class='ocrx_word' id='word_1_182' title='bbox 170 2743 178 2760; x_wconf 64' lang='lat'>„</span> <span class='ocrx_word' id='word_1_183' title='bbox 288 2688 352 2750; x_wconf 89' lang='lat' dir='ltr'><strong>tius</strong></span> <span class='ocrx_word' id='word_1_184' title='bbox 358 2730 370 2770; x_wconf 97' lang='lat'><strong>,</strong></span> <span class='ocrx_word' id='word_1_185' title='bbox 403 2687 547 2749; x_wconf 79' lang='lat' dir='ltr'><strong>Nasonis</strong></span> <span class='ocrx_word' id='word_1_186' title='bbox 573 2689 606 2748; x_wconf 92' lang='lat' dir='ltr'><strong>in</strong></span> <span class='ocrx_word' id='word_1_187' title='bbox 634 2688 739 2768; x_wconf 87' lang='lat' dir='ltr'><strong>elegia</strong></span> <span class='ocrx_word' id='word_1_188' title='bbox 764 2690 928 2766; x_wconf 81' lang='lat' dir='ltr'><strong>proximus</strong></span> <span class='ocrx_word' id='word_1_189' title='bbox 957 2695 1148 2752; x_wconf 81' lang='lat' dir='ltr'><strong>antecessor</strong></span> <span class='ocrx_word' id='word_1_190' title='bbox 1169 2690 1209 2770; x_wconf 61' lang='lat' dir='ltr'><strong>:et</strong></span> <span class='ocrx_word' id='word_1_191' title='bbox 1235 2686 1365 2770; x_wconf 89' lang='lat' dir='ltr'><strong>sodalis,</strong></span> <span class='ocrx_word' id='word_1_192' title='bbox 1396 2683 1433 2747; x_wconf 89' lang='lat' dir='ltr'><strong>ad</strong></span> 
     </span>
     <span class='ocr_line' id='line_1_23' title="bbox 290 2792 1433 2878; baseline -0.003 -22"><span class='ocrx_word' id='word_1_193' title='bbox 290 2795 471 2874; x_wconf 89' lang='lat' dir='ltr'><strong>exemplum</strong></span> <span class='ocrx_word' id='word_1_194' title='bbox 493 2811 534 2854; x_wconf 89' lang='lat' dir='ltr'><strong>ac</strong></span> <span class='ocrx_word' id='word_1_195' title='bbox 555 2792 788 2855; x_wconf 90' lang='lat' dir='ltr'><strong>similitudinem</strong></span> <span class='ocrx_word' id='word_1_196' title='bbox 798 2793 1083 2856; x_wconf 86' lang='lat' dir='ltr'><strong>Alexandrinorum</strong></span> <span class='ocrx_word' id='word_1_197' title='bbox 1093 2792 1177 2878; x_wconf 71' lang='lat' dir='ltr'><strong>{sese</strong></span> <span class='ocrx_word' id='word_1_198' title='bbox 1192 2794 1433 2874; x_wconf 84' lang='lat' dir='ltr'><strong>conformarent,</strong></span> 
     </span>
    </p>

    <p class='ocr_par' dir='ltr' id='par_1_6' title="bbox 171 2898 1497 3200">
     <span class='ocr_line' id='line_1_24' title="bbox 171 2898 1434 2985; baseline -0.002 -22"><span class='ocrx_word' id='word_1_199' title='bbox 171 2931 177 2943; x_wconf 49' lang='grc' dir='ltr'><em>ν</em></span> <span class='ocrx_word' id='word_1_200' title='bbox 288 2900 428 2963; x_wconf 89' lang='lat' dir='ltr'><strong>maxime</strong></span> <span class='ocrx_word' id='word_1_201' title='bbox 451 2898 658 2982; x_wconf 82' lang='lat' dir='ltr'><strong>Callimachi,</strong></span> <span class='ocrx_word' id='word_1_202' title='bbox 688 2901 779 2964; x_wconf 88' lang='lat' dir='ltr'><strong>ouius</strong></span> <span class='ocrx_word' id='word_1_203' title='bbox 808 2901 987 2983; x_wconf 82' lang='lat' dir='ltr'><strong>quaesitam</strong></span> <span class='ocrx_word' id='word_1_204' title='bbox 1010 2904 1204 2985; x_wconf 83' lang='lat' dir='ltr'><strong>elegantiam</strong></span> <span class='ocrx_word' id='word_1_205' title='bbox 1225 2903 1286 2985; x_wconf 88' lang='lat' dir='ltr'><strong>ipsi</strong></span> <span class='ocrx_word' id='word_1_206' title='bbox 1305 2901 1434 2962; x_wconf 85' lang='lat' dir='ltr'><strong>veteres</strong></span> 
     </span>
     <span class='ocr_line' id='line_1_25' title="bbox 287 3006 1455 3096; baseline -0.005 -24"><span class='ocrx_word' id='word_1_207' title='bbox 287 3016 453 3072; x_wconf 82' lang='lat' dir='ltr'><strong>notarunt:</strong></span> <span class='ocrx_word' id='word_1_208' title='bbox 475 3015 511 3071; x_wconf 90' lang='lat' dir='ltr'><strong>ut</strong></span> <span class='ocrx_word' id='word_1_209' title='bbox 532 3006 668 3070; x_wconf 84' lang='lat' dir='ltr'><strong>Ovidius</strong></span> <span class='ocrx_word' id='word_1_210' title='bbox 689 3027 762 3070; x_wconf 89' lang='lat' dir='ltr'><strong>earn</strong></span> <span class='ocrx_word' id='word_1_211' title='bbox 782 3006 937 3096; x_wconf 88' lang='lat' dir='ltr'><strong>rationem</strong></span> <span class='ocrx_word' id='word_1_212' title='bbox 959 3017 993 3071; x_wconf 94' lang='lat' dir='ltr'><strong>et</strong></span> <span class='ocrx_word' id='word_1_213' title='bbox 1014 3011 1188 3073; x_wconf 88' lang='lat' dir='ltr'><strong>orationem</strong></span> <span class='ocrx_word' id='word_1_214' title='bbox 1204 3011 1296 3094; x_wconf 92' lang='lat' dir='ltr'><strong>qnasi</strong></span> <span class='ocrx_word' id='word_1_215' title='bbox 1314 3009 1434 3091; x_wconf 86' lang='lat' dir='ltr'><strong>elegiae</strong></span> <span class='ocrx_word' id='word_1_216' title='bbox 1451 3072 1455 3080; x_wconf 56' lang='grc'><em>,</em></span> 
     </span>
     <span class='ocr_line' id='line_1_26' title="bbox 286 3097 1497 3200; baseline -0.005 -20"><span class='ocrx_word' id='word_1_217' title='bbox 286 3119 447 3200; x_wconf 87' lang='lat' dir='ltr'><strong>propriam</strong></span> <span class='ocrx_word' id='word_1_218' title='bbox 483 3117 612 3199; x_wconf 84' lang='lat' dir='ltr'><strong>usuque</strong></span> <span class='ocrx_word' id='word_1_219' title='bbox 641 3117 807 3198; x_wconf 88' lang='lat' dir='ltr'><strong>probatam</strong></span> <span class='ocrx_word' id='word_1_220' title='bbox 841 3116 926 3198; x_wconf 93' lang='lat' dir='ltr'><strong>apud</strong></span> <span class='ocrx_word' id='word_1_221' title='bbox 961 3120 1131 3199; x_wconf 89' lang='lat' dir='ltr'><strong>populares</strong></span> <span class='ocrx_word' id='word_1_222' title='bbox 1162 3135 1241 3179; x_wconf 89' lang='lat' dir='ltr'><strong>suos</strong></span> <span class='ocrx_word' id='word_1_223' title='bbox 1273 3097 1432 3199; x_wconf 89' lang='lat' dir='ltr'><strong>reperiret.</strong></span> <span class='ocrx_word' id='word_1_224' title='bbox 1495 3123 1497 3150; x_wconf 84' lang='lat'><strong>¹</strong></span> 
     </span>
    </p>

    <p class='ocr_par' dir='ltr' id='par_1_7' title="bbox 212 3213 1499 3931">
     <span class='ocr_line' id='line_1_27' title="bbox 212 3213 1433 3306; baseline -0.005 -20"><span class='ocrx_word' id='word_1_225' title='bbox 212 3235 215 3244; x_wconf 86' lang='grc'><strong><em>·</em></strong></span> <span class='ocrx_word' id='word_1_226' title='bbox 287 3226 435 3306; x_wconf 89' lang='lat' dir='ltr'><strong>Denique</strong></span> <span class='ocrx_word' id='word_1_227' title='bbox 473 3226 558 3287; x_wconf 90' lang='lat' dir='ltr'><strong>illam</strong></span> <span class='ocrx_word' id='word_1_228' title='bbox 592 3213 741 3287; x_wconf 34' lang='lat' dir='ltr'><strong>aetatem*</strong></span> <span class='ocrx_word' id='word_1_229' title='bbox 760 3244 781 3287; x_wconf 90' lang='lat' dir='ltr'><strong>a</strong></span> <span class='ocrx_word' id='word_1_230' title='bbox 809 3225 954 3288; x_wconf 90' lang='lat' dir='ltr'><strong>mascula</strong></span> <span class='ocrx_word' id='word_1_231' title='bbox 978 3224 1035 3287; x_wconf 91' lang='lat' dir='ltr'><strong>illa</strong></span> <span class='ocrx_word' id='word_1_232' title='bbox 1072 3245 1113 3289; x_wconf 90' lang='lat' dir='ltr'><strong>ac</strong></span> <span class='ocrx_word' id='word_1_233' title='bbox 1139 3225 1274 3288; x_wconf 84' lang='lat' dir='ltr'><strong>sincera·</strong></span> <span class='ocrx_word' id='word_1_234' title='bbox 1296 3240 1433 3304; x_wconf 92' lang='lat' dir='ltr'><strong>vereque</strong></span> 
     </span>
     <span class='ocr_line' id='line_1_28' title="bbox 287 3309 1433 3420; baseline -0.003 -27"><span class='ocrx_word' id='word_1_235' title='bbox 287 3329 436 3394; x_wconf 88' lang='lat' dir='ltr'><strong>Romana</strong></span> <span class='ocrx_word' id='word_1_236' title='bbox 463 3339 532 3396; x_wconf 83' lang='lat' dir='ltr'><strong>arte</strong></span> <span class='ocrx_word' id='word_1_237' title='bbox 559 3330 602 3393; x_wconf 92' lang='lat' dir='ltr'><strong>ad</strong></span> <span class='ocrx_word' id='word_1_238' title='bbox 630 3321 808 3413; x_wconf 83' lang='lat' dir='ltr'><strong>quaesitam</strong></span> <span class='ocrx_word' id='word_1_239' title='bbox 837 3333 1031 3415; x_wconf 82' lang='lat' dir='ltr'><strong>elegantiam</strong></span> <span class='ocrx_word' id='word_1_240' title='bbox 1059 3342 1093 3395; x_wconf 91' lang='lat' dir='ltr'><strong>et</strong></span> <span class='ocrx_word' id='word_1_241' title='bbox 1123 3309 1263 3394; x_wconf 31' lang='lat' dir='ltr'><strong>inanem·</strong></span> <span class='ocrx_word' id='word_1_242' title='bbox 1276 3331 1433 3420; x_wconf 84' lang='lat' dir='ltr'><strong>rhetorum</strong></span> 
     </span>
     <span class='ocr_line' id='line_1_29' title="bbox 288 3436 1432 3520; baseline -0.003 -21"><span class='ocrx_word' id='word_1_243' title='bbox 288 3436 493 3518; x_wconf 87' lang='lat' dir='ltr'><strong>splendorem</strong></span> <span class='ocrx_word' id='word_1_244' title='bbox 519 3439 660 3499; x_wconf 92' lang='lat' dir='ltr'><strong>nonnihil</strong></span> <span class='ocrx_word' id='word_1_245' title='bbox 686 3439 749 3500; x_wconf 90' lang='lat' dir='ltr'><strong>iam</strong></span> <span class='ocrx_word' id='word_1_246' title='bbox 777 3439 952 3502; x_wconf 89' lang='lat' dir='ltr'><strong>inclinasse</strong></span> <span class='ocrx_word' id='word_1_247' title='bbox 987 3447 1124 3520; x_wconf 86' lang='lat' dir='ltr'><strong>constat.</strong></span> <span class='ocrx_word' id='word_1_248' title='bbox 1175 3442 1287 3520; x_wconf 90' lang='lat' dir='ltr'><strong>Itaque</strong></span> <span class='ocrx_word' id='word_1_249' title='bbox 1319 3443 1432 3519; x_wconf 81' lang='lat' dir='ltr'><strong>poetae</strong></span> 
     </span>
     <span class='ocr_line' id='line_1_30' title="bbox 288 3544 1433 3628; baseline -0.002 -22"><span class='ocrx_word' id='word_1_250' title='bbox 288 3553 412 3606; x_wconf 88' lang='lat' dir='ltr'><strong>tanturn</strong></span> <span class='ocrx_word' id='word_1_251' title='bbox 433 3544 551 3628; x_wconf 83' lang='lat' dir='ltr'><strong>abest,</strong></span> <span class='ocrx_word' id='word_1_252' title='bbox 573 3554 609 3606; x_wconf 91' lang='lat' dir='ltr'><strong>ut</strong></span> <span class='ocrx_word' id='word_1_253' title='bbox 634 3553 733 3608; x_wconf 87' lang='lat' dir='ltr'><strong>recto</strong></span> <span class='ocrx_word' id='word_1_254' title='bbox 750 3547 866 3610; x_wconf 88' lang='lat' dir='ltr'><strong>iudicio</strong></span> <span class='ocrx_word' id='word_1_255' title='bbox 889 3547 1006 3611; x_wconf 85' lang='lat' dir='ltr'><strong>aetatis</strong></span> <span class='ocrx_word' id='word_1_256' title='bbox 1028 3566 1107 3609; x_wconf 88' lang='lat' dir='ltr'><strong>suae</strong></span> <span class='ocrx_word' id='word_1_257' title='bbox 1130 3564 1274 3626; x_wconf 88' lang='lat' dir='ltr'><strong>apravo</strong></span> <span class='ocrx_word' id='word_1_258' title='bbox 1292 3547 1346 3608; x_wconf 88' lang='lat' dir='ltr'><strong>illo</strong></span> <span class='ocrx_word' id='word_1_259' title='bbox 1368 3545 1433 3606; x_wconf 80' lang='lat' dir='ltr'><strong>ele-</strong></span> 
     </span>
     <span class='ocr_line' id='line_1_31' title="bbox 286 3649 1499 3742; baseline -0.003 -28"><span class='ocrx_word' id='word_1_260' title='bbox 286 3652 419 3734; x_wconf 87' lang='lat' dir='ltr'><strong>gantiae</strong></span> <span class='ocrx_word' id='word_1_261' title='bbox 441 3649 547 3714; x_wconf 89' lang='lat' dir='ltr'><strong>studio</strong></span> <span class='ocrx_word' id='word_1_262' title='bbox 568 3663 797 3716; x_wconf 87' lang='lat' dir='ltr'><strong>revocarentur</strong></span> <span class='ocrx_word' id='word_1_263' title='bbox 818 3663 915 3738; x_wconf 89' lang='lat' dir='ltr'><strong>atque</strong></span> <span class='ocrx_word' id='word_1_264' title='bbox 937 3655 1169 3736; x_wconf 87' lang='lat' dir='ltr'><strong>cohiberentur,</strong></span> <span class='ocrx_word' id='word_1_265' title='bbox 1191 3654 1280 3715; x_wconf 91' lang='lat' dir='ltr'><strong>utin</strong></span> <span class='ocrx_word' id='word_1_266' title='bbox 1302 3673 1342 3715; x_wconf 88' lang='lat' dir='ltr'><strong>eo</strong></span> <span class='ocrx_word' id='word_1_267' title='bbox 1358 3669 1433 3716; x_wconf 91' lang='lat' dir='ltr'><strong>oon·</strong></span> <span class='ocrx_word' id='word_1_268' title='bbox 1498 3687 1499 3742; x_wconf 63' lang='lat'>3</span> 
     </span>
     <span class='ocr_line' id='line_1_32' title="bbox 287 3754 1499 3846; baseline 0.001 -25"><span class='ocrx_word' id='word_1_269' title='bbox 287 3759 499 3842; x_wconf 88' lang='lat' dir='ltr'><strong>firmarentur,</strong></span> <span class='ocrx_word' id='word_1_270' title='bbox 522 3767 618 3843; x_wconf 88' lang='lat' dir='ltr'><strong>atque</strong></span> <span class='ocrx_word' id='word_1_271' title='bbox 639 3758 669 3824; x_wconf 80' lang='lat' dir='ltr'><strong>¹si</strong></span> <span class='ocrx_word' id='word_1_272' title='bbox 691 3754 721 3823; x_wconf 88' lang='lat' dir='ltr'><strong>ei</strong></span> <span class='ocrx_word' id='word_1_273' title='bbox 747 3760 965 3846; x_wconf 84' lang='lat' dir='ltr'><strong>indulgerent,</strong></span> <span class='ocrx_word' id='word_1_274' title='bbox 981 3781 1070 3825; x_wconf 83' lang='lat' dir='ltr'><strong>sese</strong></span> <span class='ocrx_word' id='word_1_275' title='bbox 1096 3763 1271 3843; x_wconf 87' lang='lat' dir='ltr'><strong>placituros</strong></span> <span class='ocrx_word' id='word_1_276' title='bbox 1302 3764 1432 3843; x_wconf 88' lang='lat' dir='ltr'><strong>possent</strong></span> <span class='ocrx_word' id='word_1_277' title='bbox 1498 3755 1499 3822; x_wconf 80' lang='lat' dir='ltr'><strong>l</strong></span> 
     </span>
     <span class='ocr_line' id='line_1_33' title="bbox 288 3866 461 3931; baseline -0.029 0"><span class='ocrx_word' id='word_1_278' title='bbox 288 3866 461 3931; x_wconf 86' lang='lat' dir='ltr'><strong>confidere.</strong></span> 
     </span>
    </p>
   </div>
   <div class='ocr_carea' id='block_1_3' title="bbox 287 3972 1499 4487">
    <p class='ocr_par' dir='ltr' id='par_1_8' title="bbox 287 3972 1499 4487">
     <span class='ocr_line' id='line_1_34' title="bbox 369 3972 1433 4060; baseline -0.003 -24"><span class='ocrx_word' id='word_1_279' title='bbox 369 3972 512 4036; x_wconf 88' lang='lat' dir='ltr'><strong>Restant</strong></span> <span class='ocrx_word' id='word_1_280' title='bbox 532 3974 606 4058; x_wconf 92' lang='lat' dir='ltr'><strong>duo,</strong></span> <span class='ocrx_word' id='word_1_281' title='bbox 636 3994 718 4060; x_wconf 90' lang='lat' dir='ltr'><strong>quae</strong></span> <span class='ocrx_word' id='word_1_282' title='bbox 743 3978 805 4039; x_wconf 91' lang='lat' dir='ltr'><strong>viri</strong></span> <span class='ocrx_word' id='word_1_283' title='bbox 827 3975 913 4038; x_wconf 92' lang='lat' dir='ltr'><strong>dooti</strong></span> <span class='ocrx_word' id='word_1_284' title='bbox 934 3975 966 4036; x_wconf 93' lang='lat' dir='ltr'><strong>in</strong></span> <span class='ocrx_word' id='word_1_285' title='bbox 985 3975 1036 4038; x_wconf 89' lang='lat' dir='ltr'><strong>his</strong></span> <span class='ocrx_word' id='word_1_286' title='bbox 1059 3977 1250 4039; x_wconf 84' lang='lat' dir='ltr'><strong>carrninibus</strong></span> <span class='ocrx_word' id='word_1_287' title='bbox 1269 3976 1433 4057; x_wconf 91' lang='lat' dir='ltr'><strong>vitupera-</strong></span> 
     </span>
     <span class='ocr_line' id='line_1_35' title="bbox 287 4081 1434 4167; baseline -0.001 -26"><span class='ocrx_word' id='word_1_288' title='bbox 287 4089 371 4164; x_wconf 88' lang='lat' dir='ltr'><strong>runt,</strong></span> <span class='ocrx_word' id='word_1_289' title='bbox 395 4101 525 4164; x_wconf 90' lang='lat' dir='ltr'><strong>quorum</strong></span> <span class='ocrx_word' id='word_1_290' title='bbox 545 4083 680 4166; x_wconf 90' lang='lat' dir='ltr'><strong>primum</strong></span> <span class='ocrx_word' id='word_1_291' title='bbox 701 4092 764 4167; x_wconf 89' lang='lat' dir='ltr'><strong>est,</strong></span> <span class='ocrx_word' id='word_1_292' title='bbox 788 4081 873 4165; x_wconf 82' lang='lat' dir='ltr'><strong>quod</strong></span> <span class='ocrx_word' id='word_1_293' title='bbox 894 4085 1073 4166; x_wconf 85' lang='lat' dir='ltr'><strong>argumenti</strong></span> <span class='ocrx_word' id='word_1_294' title='bbox 1095 4083 1296 4147; x_wconf 88' lang='lat' dir='ltr'><strong>similitudine</strong></span> <span class='ocrx_word' id='word_1_295' title='bbox 1318 4099 1434 4164; x_wconf 89' lang='lat' dir='ltr'><strong>perpe-</strong></span> 
     </span>
     <span class='ocr_line' id='line_1_36' title="bbox 288 4188 1433 4275; baseline 0 -28"><span class='ocrx_word' id='word_1_296' title='bbox 288 4195 406 4270; x_wconf 89' lang='lat' dir='ltr'><strong>tuaque</strong></span> <span class='ocrx_word' id='word_1_297' title='bbox 428 4191 601 4255; x_wconf 85' lang='lat' dir='ltr'><strong>earundem</strong></span> <span class='ocrx_word' id='word_1_298' title='bbox 623 4193 821 4275; x_wconf 89' lang='lat' dir='ltr'><strong>querelarum</strong></span> <span class='ocrx_word' id='word_1_299' title='bbox 842 4191 1031 4272; x_wconf 90' lang='lat' dir='ltr'><strong>repetitione</strong></span> <span class='ocrx_word' id='word_1_300' title='bbox 1052 4190 1362 4273; x_wconf 83' lang='lat' dir='ltr'><strong>legentiumanimos</strong></span> <span class='ocrx_word' id='word_1_301' title='bbox 1384 4188 1433 4249; x_wconf 88' lang='lat' dir='ltr'><strong>fa-</strong></span> 
     </span>
     <span class='ocr_line' id='line_1_37' title="bbox 288 4293 1499 4391; baseline -0.002 -35"><span class='ocrx_word' id='word_1_302' title='bbox 288 4294 408 4380; x_wconf 90' lang='lat' dir='ltr'><strong>tigent,</strong></span> <span class='ocrx_word' id='word_1_303' title='bbox 437 4301 587 4380; x_wconf 88' lang='lat' dir='ltr'><strong>alterum,</strong></span> <span class='ocrx_word' id='word_1_304' title='bbox 618 4298 701 4391; x_wconf 82' lang='lat' dir='ltr'><strong>qnod</strong></span> <span class='ocrx_word' id='word_1_305' title='bbox 728 4299 891 4360; x_wconf 89' lang='lat' dir='ltr'><strong>nobilitate</strong></span> <span class='ocrx_word' id='word_1_306' title='bbox 918 4294 1087 4360; x_wconf 86' lang='lat' dir='ltr'><strong>sensorum</strong></span> <span class='ocrx_word' id='word_1_307' title='bbox 1113 4317 1256 4382; x_wconf 92' lang='lat' dir='ltr'><strong>veroque</strong></span> <span class='ocrx_word' id='word_1_308' title='bbox 1283 4299 1352 4380; x_wconf 89' lang='lat' dir='ltr'><strong>illo,</strong></span> <span class='ocrx_word' id='word_1_309' title='bbox 1383 4293 1432 4376; x_wconf 90' lang='lat' dir='ltr'><strong>qui</strong></span> <span class='ocrx_word' id='word_1_310' title='bbox 1498 4311 1499 4386; x_wconf 60' lang='lat' dir='ltr'><strong>p</strong></span> 
     </span>
     <span class='ocr_line' id='line_1_38' title="bbox 289 4384 1499 4487; baseline 0.005 -23"><span class='ocrx_word' id='word_1_311' title='bbox 289 4407 457 4484; x_wconf 72' lang='lat' dir='ltr'><strong>poetarum</strong></span> <span class='ocrx_word' id='word_1_312' title='bbox 479 4425 556 4469; x_wconf 90' lang='lat' dir='ltr'><strong>esse</strong></span> <span class='ocrx_word' id='word_1_313' title='bbox 578 4404 691 4487; x_wconf 90' lang='lat' dir='ltr'><strong>debet,</strong></span> <span class='ocrx_word' id='word_1_314' title='bbox 720 4404 815 4466; x_wconf 89' lang='lat' dir='ltr'><strong>animi</strong></span> <span class='ocrx_word' id='word_1_315' title='bbox 841 4406 962 4485; x_wconf 90' lang='lat' dir='ltr'><strong>impetu</strong></span> <span class='ocrx_word' id='word_1_316' title='bbox 983 4384 1080 4487; x_wconf 80' lang='lat' dir='ltr'><strong>atque</strong></span> <span class='ocrx_word' id='word_1_317' title='bbox 1102 4387 1230 4470; x_wconf 76' lang='lat' dir='ltr'><strong>fervore</strong></span> <span class='ocrx_word' id='word_1_318' title='bbox 1243 4424 1364 4470; x_wconf 83' lang='lat' dir='ltr'><strong>carere</strong></span> <span class='ocrx_word' id='word_1_319' title='bbox 1383 4402 1434 4464; x_wconf 88' lang='lat' dir='ltr'><strong>vi·</strong></span> <span class='ocrx_word' id='word_1_320' title='bbox 1498 4389 1499 4470; x_wconf 57' lang='grc' dir='ltr'><strong>Ῠ</strong></span> 
     </span>
    </p>
   </div>
   <div class='ocr_carea' id='block_1_4' title="bbox 0 0 1544 4912">
    <p class='ocr_par' dir='ltr' id='par_1_9' title="bbox 0 0 1544 4912">
     <span class='ocr_line' id='line_1_39' title="bbox 0 0 1544 4912; baseline 0 1"><span class='ocrx_word' id='word_1_321' title='bbox 0 0 1544 4912; x_wconf 95' lang='lat' dir='ltr'><strong> </strong></span> 
     </span>
    </p>
   </div>
  </div>
 </body>
</html>
