3078 4912
521 332 934 450 rnouneonmnn.
1257 333 1281 410 a

136 528 212 584 ante
226 519 316 585 veris
330 513 453 592 initium
468 535 497 578 a.
510 517 550 580 U.
559 515 810 580 CDCCLXIH.
820 516 852 579 in
860 515 1051 580 destinatum
1066 515 1279 581 exsiliilocum

136 627 322 691 advenisse.
364 622 445 686 Illud
467 632 573 686 autem
596 642 667 686 oum
689 643 732 686 ex
753 642 792 686 eo
812 623 975 706 probabile
995 631 1065 707 est,
1087 621 1171 706 quod
1191 641 1281 686 more

137 723 310 816 Aegaeum
330 749 387 814 per
399 715 520 794 'hiemis
542 739 669 838 tempus
688 731 747 794 vix
767 730 965 815 navigabile,
988 738 1055 792 tum
1076 739 1110 794 et
1130 731 1279 813 maxime,

139 838 225 924 quod
244 847 341 921 poeta
362 837 562 921 Cenchreis,
597 837 740 900 Corinthi
759 848 872 920 portu,
894 835 965 899 ‘non
985 844 1096 919 reeta,
1137 833 1197 900 sed
1216 853 1282 916 ¹per

140 947 254 1010 multas
275 947 432 1029 ambages
453 945 496 1009 ad
517 946 762 1036 Hellespontum
782 955 817 1008 et
835 946 963 1008 inAsia
983 937 1104 1018 minore
1125 942 1159 1004 in
1180 940 1285 1004 'l'hra-

139 1057 221 1119 ciam
240 1063 358 1118 vectus
379 1063 440 1117 est
482 1050 729 1136 llid.'l'rist1,
763 1053 812 1116 10.
837 1053 971 1122 ,statim
997 1069 1090 1134 vero,
1112 1058 1284 1132 postquam

135 1163 214 1228 liber
235 1163 327 1234 esset
348 1163 526 1245 absolutus,
548 1161 612 1223 iam
632 1159 769 1250 Romam
790 1161 923 1223 missum
945 1177 1033 1242 esse,
1056 1156 1130 1220 inde
1148 1155 1284 1238 intelligi

137 1269 269 1354 petest,
286 1267 389 1354 qnod,
418 1268 449 1331 si
468 1269 572 1331 serius
593 1267 713 1332 missus
735 1276 841 1352 esset,
868 1269 954 1330 illam
976 1264 1282 1331 commendationem
1384 1329 1390 1336 ,

137 1379 289 1441 novitatis
310 1386 344 1440 et
364 1369 628 1458 probabilitatem,
650 1373 774 1455 inssipso
796 1375 886 1458 mari,
909 1383 945 1436 ut
966 1374 1107 1460 pluribus
1118 1372 1199 1435 loeis
1211 1389 1283 1432 me-

130 1494 252 1568 morat,
276 1503 354 1546 esse
376 1468 607 1564 compositum,
630 1499 693 1544 non
715 1481 831 1544 luisset
851 1482 1032 1545 habiturus:
1077 1477 1160 1562 quod
1187 1477 1283 1538 etiam
1374 1549 1378 1556 Ι

139 1591 426 1673 eoeonfirmatur,
461 1588 544 1672 quod
569 1589 727 1652 maximus
754 1590 833 1652 liber
853 1586 1016 1652 secundus
1038 1586 1080 1650 ad
1100 1588 1293 1668 Augustum·
1349 1651 1352 1656 ,

140 1706 175 1761 et
195 1698 295 1760 maior
314 1715 390 1782 pars
411 1685 586 1768 libri-tertii
606 1698 638 1759 in
658 1699 759 1778 primo
779 1699 889 1761 statim
910 1697 1013 1776 exsilii
1034 1713 1117 1758 anno
1137 1703 1283 1774 estlcon·

138 1805 237 1868 fecta.
279 1803 376 1898 hiber
397 1805 516 1886 primur
537 1805 634 1888 igitur
654 1806 687 1866 in
708 1806 778 1886 ipso
800 1806 913 1867 itinere
935 1787 1068 1886 a'poeta
1086 1802 1283 1885 compositus

136 1911 600 2000 et'eTmacia,1rontamen
622 1921 696 1975 ante
717 1932 777 1998 ner
798 1933 826 1975 a.
848 1912 887 1976 U.
909 1912 947 1975 C.
969 1910 1188 1994 uccuxnl,
1212 1894 1285 1996 Ro-

136 2038 223 2082 mam
243 2020 363 2083 missus
388 2028 448 2084 est
510 2007 524 2014 ’ἵ
916 2005 939 2058 s
1047 2027 1075 2042 ‘⁴

223 2143 295 2222 Quo
311 2163 390 2222 vero
405 2153 549 2227 tempore
564 2145 644 2209 liber
653 2139 816 2222 secundus
827 2145 992 2214 absolutus
1003 2143 1057 2228 sit,
1079 2141 1285 2205 manifestum

136 2250 197 2314 erit
206 2293 219 2333 ,
257 2251 286 2315 si
316 2247 543 2335 quo'tempore
564 2252 677 2324 tertius
698 2253 742 2316 sit
762 2251 987 2340 conscriptus,
1020 2258 1096 2320 oute
1128 2248 1281 2331 quaesie-

135 2359 246 2422 rimus.
287 2349 459 2442 L;,lil,2,
483 2358 532 2422 15.
567 2429 570 2437 y

205 2509 276 2558 llum
294 2507 385 2555 tamen
401 2507 431 2560 et
445 2504 536 2570 ventis
554 2489 649 2554 rubrus
665 2503 789 2556 iactabar
806 2508 834 2555 et
850 2505 940 2571 undis,

181 2585 184 2590 “
241 2587 369 2639 Fallebat
386 2600 467 2640 curas
483 2598 621 2656 aegraque
638 2590 723 2638 corda
737 2590 833 2666 labor3
920 2593 923 2600 ’

208 2672 244 2720 Ut
261 2669 308 2720 via
324 2670 399 2720 finita
416 2674 459 2721 est
476 2674 504 2721 et
520 2685 589 2734 opus
605 2673 738 2734 requievit
752 2673 841 2737 eundi,

237 2755 273 2804 Et
289 2765 396 2816 poenae
413 2755 495 2805 tellus
513 2757 555 2805 est
572 2755 634 2804 milri
652 2758 726 2806 tacta
741 2767 847 2806 meae:-

203 2837 252 2888 Nil
267 2836 320 2896 nisi
336 2837 402 2888 llere
413 2839 497 2903 libet,
514 2849 567 2888 nec
578 2841 679 2889 nostro
690 2839 809 2901 parcior
824 2827 912 2890 imber·l

238 2921 362 2986 Lumine,
380 2923 414 2993 tle
430 2933 518 2971 verna
535 2934 614 2985 qnam
630 2922 693 2972 nive
710 2926 801 2992 manat
818 2934 889 2985 aqua
906 2945 938 2956 —-

100 3131 103 3136 Ι
137 3073 223 3138 quae
244 3059 297 3114 est
318 3042 417 3112 oratio
444 3048 486 3113 ad
511 3052 582 3114 illos
610 3052 700 3115 locos
723 3053 822 3116 modo
850 3049 1072 3117 adventantis:
1108 3049 1161 3111 ‘uti
1189 3049 1285 3110 etiem

135 3163 192 3224 ille
214 3167 331 3241 poetae
352 3158 553 3241 aegrotantis
573 3137 674 3220 verba
694 3161 752 3243 III,
774 3160 807 3243 3,
830 3161 872 3222 29
892 3193 935 3206 -
955 3159 1013 3225 32,

209 3310 241 3363 Si
258 3314 347 3360 tamen
363 3307 487 3372 implevit
501 3319 563 3357 mea
579 3319 652 3372 sors,
670 3321 737 3371 quos
755 3310 857 3375 debuit,
874 3318 973 3382 annos,

241 3395 278 3444 Ει
292 3392 358 3442 milri
373 3392 485 3442 vivendi
503 3393 568 3441 tam
585 3391 655 3441 cito
673 3390 760 3440 sinis
778 3393 890 3442 adest:

205 3473 345 3543 Quantum
362 3479 435 3540 erat,
453 3489 469 3526 o
487 3475 590 3539 magui,
605 3474 732 3537 perituro
750 3487 878 3540 parcere,
896 3475 963 3540 dlvi,
1019 3438 1023 3443 -
1046 3541 1049 3546 Ι

240 3561 277 3610 Ut
292 3559 390 3609 saltem
407 3557 498 3621 patria
515 3557 719 3607 contumularer
735 3545 836 3608 humoi'

140 3688 382 3772 mQQffi
482 3777 485 3782 Ι

207 3840 336 3914 Forsitan
358 3840 410 3889 hoc
433 3839 533 3907 olim,
556 3853 627 3900 curn
647 3852 684 3890 se
706 3828 989 3914 satiaveritira,
1083 3880 1087 3887 ,
1140 3905 1142 3908 Ι

241 3925 305 3974 Tum
324 3924 830 4007 quoqnesollicitamenteroganous
848 3923 950 3971 erit-
1032 3987 1035 3993 Ι
1099 3923 1104 3933 ’
1223 3966 1231 3977 ι

140 4063 309 4116 recentem
322 4065 396 4138 ,tum
417 4054 514 4117 etiam
535 4055 678 4136 Augusti
697 4053 777 4114 iram
798 4055 909 4115 fuisse
930 4051 1107 4114 declarant:
1149 4053 1195 4115 uti
1217 4072 1288 4116 om-

140 4161 217 4224 nino
245 4163 405 4242 posterius
427 4180 560 4234 carmen
589 4167 753 4220 recentem
780 4165 897 4240 poetae
925 4159 957 4220 in
977 4161 1144 4244 Scythiam
1162 4162 1287 4228 adveu-
1314 4163 1317 4168 ’

143 4278 211 4332 tum
239 4271 349 4352 spirat.
403 4265 543 4330 Carmen
573 4264 729 4348 decimum
755 4263 985 4334 vividissimem
1018 4283 1058 4336 ao
1085 4273 1288 4342 verissimam
