3078 4912
255 307 330 452 us
533 313 536 322 ⁸
647 366 1056 446 raonuuomnun.

283 559 323 620 de
345 563 437 638 parte
458 573 500 616 ex
521 571 560 616 eo
582 559 752 633 nascatur,
780 549 1029 636 quodomnium
1051 559 1098 612 tot
1118 550 1149 612 iu
1173 549 1223 612 his
1245 548 1331 610 libris
1353 567 1427 611 car·

284 666 370 728 mina
390 662 464 724 nihil
486 661 547 722 uisi
568 677 674 722 meras
697 658 911 740 querimonias
938 676 978 720 ac
1005 657 1109 719 tristia
1138 656 1333 738 contineant,
1357 657 1426 738 qui-

283 776 355 855 bus,
377 769 464 852 licet,
487 767 571 851 q'uod
592 766 634 830 ad
655 773 769 848 anem,
793 764 938 826 omnibus
959 764 1164 846 expertibus
1185 765 1350 826 absolutae
1373 782 1426 824 es·-
1497 799 1498 810 ι

283 888 373 961 sent,
402 877 455 940 vel
477 874 750 956 elegantissimum
771 869 941 954 lectorem,
974 873 1028 954 qui
1047 873 1080 934 iu
1101 871 1260 953 poematis
1280 869 1426 952 legendis

227 977 229 982 ’
283 997 381 1072 atque
402 979 575 1046 censendis
596 981 638 1042 uil
659 981 720 1042 uiui
741 980 919 1060 perfectam
940 980 1019 1042 artis
1039 979 1183 1061 speciem
1203 986 1356 1058 spectare
1372 997 1426 1041 so-

282 1099 375 1177 leret,
398 1108 538 1154 necesse
560 1095 652 1150 esset
671 1085 802 1149 taudem
819 1087 998 1169 defatigari.
1041 1087 1231 1168 Quanquam
1243 1086 1357 1167 negari
1368 1105 1427 1146 non

235 1215 242 1222 '
283 1209 403 1284 potest,
426 1213 530 1278 pauca
552 1197 693 1258 carmina
713 1195 810 1261 etiam
830 1194 1033 1262 similitudine
1048 1201 1307 1276 argumentorum
1323 1193 1427 1255 offen-

284 1309 374 1392 dere,
396 1314 493 1388 atque
520 1303 672 1385 imprimis
697 1303 766 1386 illa,
801 1302 885 1384 quod
905 1305 989 1366 nullo
1011 1303 1141 1366 crimine
1167 1302 1315 1382 nullaque
1336 1300 1428 1381 culpa

283 1433 344 1480 sua
379 1412 605 1496 gravissimam
637 1411 788 1494 principis
822 1412 901 1484 bam
943 1410 1120 1492 duramque
1152 1408 1261 1473 exsilii
1294 1425 1427 1490 poenam

273 1521 445 1603 '‘meruerit,
469 1521 549 1583 citra
570 1519 765 1600 elegantiam
786 1505 827 1580 ab
849 1536 888 1600 eo
909 1519 1033 1601 urgeri,
1046 1536 1159 1599 »neque
1180 1515 1253 1579 eam
1273 1517 1428 1579 macrrlam

284 1633 442 1694 varietate
464 1646 505 1690 ac
526 1623 743 1707 pulcritudine,
757 1626 880 1687 formae
907 1633 1005 1707 atque
1033 1625 1184 1687 orationis
1212 1623 1294 1688 satis
1314 1623 1428 1706 ubique

285 1735 496 1818 compensari.
545 1730 640 1811 Quod
666 1740 776 1793 tamen.
805 1731 923 1815 habet,
951 1749 1015 1814 quo
1042 1713 1226 1815 e'xeusetur,
1253 1739 1342 1794 certe
1372 1747 1429 1813 quo

286 1844 472 1926 explicetur.
513 1840 600 1902 Nam
620 1835 765 1922 primum,
788 1849 941 1920 utsupra
962 1839 1110 1922 exposui,
1133 1839 1282 1901 'l'ristium
1307 1839 1379 1901 libri
1399 1845 1429 1898 et

287 1949 405 2032 singuli
433 1956 466 2009 et
487 1949 581 2028 plane
613 1945 751 2039 diversis
779 1947 891 2028 scripti
918 1937 1057 2028 aditique
1082 1955 1161 2009 sunt
1181 1929 1378 2026 temporibus
1398 1952 1429 2006 et

285 2058 319 2119 iu
339 2055 426 2120 Urbe
447 2053 574 2116 demum
593 2054 743 2124 inunum
764 2055 856 2135 qnasi
877 2070 994 2135 corpus
1014 2061 1090 2117 suut
1116 2053 1251 2116 collecti.
1292 2051 1427 2134 Deinde,

286 2173 384 2248 atque
404 2162 467 2224 hoc
487 2161 622 2243 gravius
644 2169 707 2243 est,
729 2161 886 2241 permulta
907 2179 949 2222 ex
969 2161 1019 2223 his
1036 2160 1228 2222 carminibus
1247 2167 1323 2234 ante
1337 2178 1428 2242 quam

285 2273 317 2334 in
338 2269 496 2353 publicum
525 2267 716 2350 ederentur,
743 2266 786 2329 ad
813 2267 934 2329 amicos
955 2286 976 2329 a
996 2275 1093 2348 poeta
1114 2267 1428 2349 quasi‘opistolarum

285 2381 356 2443 loco
388 2385 480 2440 erant
509 2375 626 2440 missa:
658 2376 690 2438 in
718 2371 833 2457 quibus
864 2374 960 2456 igitur
979 2375 1050 2438 illas
1081 2392 1154 2456 res,
1171 2391 1266 2457 :quae
1293 2375 1428 2438 animum

287 2505 379 2547 suum
399 2485 537 2546 maxime
559 2491 754 2563 occuparent
775 2490 871 2564 atquo
890 2489 1076 2564 moverent,
1111 2481 1215 2566 exsilii
1235 2481 1428 2563 iniquitatem

288 2600 321 2653 et
343 2591 494 2652 iniustam
516 2589 750 2654 damnationem
772 2607 829 2668 pro
852 2589 1024 2671 cuiusque,
1060 2585 1104 2649 ad
1133 2607 1227 2670 quem
1248 2589 1429 2652 scriberen-

287 2705 350 2777 tur,
373 2693 560 2769 diversitate
592 2696 711 2776 ingenii
743 2703 839 2781 atque
870 2695 902 2754 in
929 2696 1034 2776 ipsum
1064 2693 1160 2756 animi
1188 2711 1230 2756 ac
1256 2695 1429 2756 voluntatis

287 2785 414 2883 po'etico
434 2799 529 2862 modo
550 2810 680 2863 ornatas
702 2802 798 2862 etiam
827 2819 899 2862 cum
928 2802 1091 2890 elegantia
1122 2811 1271 2882 repetere
1301 2801 1429 2862 licebat.

287 2908 467 2988 Praecipua
487 2915 595 2969 autem
617 2926 736 2970 caussa
756 2908 903 2988 ingratae
924 2908 1261 2992 illius4repetitionisin
1276 2926 1315 2969 eo
1327 2921 1430 2990 qnae-

287 3013 400 3098 renda,
422 3013 505 3097 quod
526 3021 623 3094 poeta
643 3015 675 3075 in
693 3013 971 3084 nonnullishorum
992 3016 1165 3078 carminum
1183 3014 1427 3096 componendis,

288 3113 415 3204 praeter
438 3139 604 3184 commune
630 3120 705 3188 illud
732 3120 833 3186 omnis
860 3123 1019 3201 poematis
1048 3122 1231 3204 consilium,
1266 3123 1428 3203 singulare

289 3251 330 3294 ac
350 3230 510 3312 privatum
531 3229 579 3290 sit·
594 3237 801 3308 persecutus:
828 3230 863 3291 ut
885 3228 1039 3292 Caesaris
1059 3231 1139 3291 iram
1159 3231 1316 3311 placaret,
1339 3247 1429 3289 eum-

288 3355 351 3418 que
372 3334 414 3396 ad
434 3333 916 3422 mitigandam'louginquissimi
937 3338 1041 3399 exsilii
1052 3355 1188 3418 poenam
1205 3343 1429 3398 commoveret

289 3440 384 3522 Quod
406 3441 570 3503 consilium
590 3443 623 3502 in
650 3441 720 3504 aliis
747 3441 872 3524 quidem
902 3441 1016 3506 collide
1047 3443 1283 3525 artificioseque
1311 3442 1430 3504 obtexit

289 3558 386 3637 atque
407 3546 636 3631 dissimulavit,
665 3550 723 3634 sic
740 3558 774 3610 ut
800 3553 930 3631 prorsus
960 3549 1045 3613 aliud
1071 3531 1174 3632 agere
1196 3548 1344 3612 videatur
1370 3567 1430 3611 neo

261 3656 349 3718 'nisi
370 3655 498 3734 penitus
519 3656 649 3738 cognita
670 3645 843 3719 carminum
871 3659 994 3742 ratione
1020 3659 1101 3720 satis
1127 3657 1347 3738 perspiciatur.
1396 3657 1430 3716 lu

289 3764 360 3826 aliis
380 3780 460 3824 vero
482 3764 549 3844 egit
569 3747 720 3845 apertius,
744 3765 972 3846 praeclareque
987 3765 1194 3848 significavit,
1217 3773 1431 3845 exspectasse

226 3889 232 3908 ¹
289 3889 362 3933 eum
383 3878 479 3952 atque
501 3887 673 3951 sperasse,
700 3870 789 3953 fore,
812 3878 846 3931 ut
867 3872 907 3932 ab
928 3872 1097 3954 Augusto,
1132 3890 1255 3934 summo
1277 3871 1328 3932 illo
1350 3889 1431 3951 poe-

288 3987 391 4041 tarum
413 3978 533 4040 cultore
555 3986 650 4058 atque
673 3976 881 4058 admiratore,
905 3977 1100 4058 legerentur.
1128 3978 1225 4040 'lude
1253 3979 1349 4041 toties
1371 3977 1431 4038 ini-

287 4085 414 4146 iuuotus
444 4103 550 4174 sermo
579 4082 620 4145 do
646 4084 758 4164 prioris
790 4083 970 4172 innocentia
1000 4086 1091 4148 vitae
1116 4103 1219 4169 suae,
1256 4085 1295 4148 de
1325 4103 1430 4148 errore

186 4197 190 4204 “
287 4191 482 4272 levitateque
502 4191 630 4276 peccati
651 4191 713 4273 sni,
736 4189 777 4250 de
798 4189 970 4253 durissima
996 4183 1040 4253 'et'
1057 4193 1137 4255 citra
1158 4191 1267 4256 delicti
1286 4195 1430 4256 meritum

289 4296 468 4362 conditione
490 4297 590 4358 exsilii
612 4296 779 4380 Tomitaui,
801 4296 875 4359 inde
896 4309 1098 4381 exaggerata
1118 4300 1172 4362 illa
1189 4300 1329 4364 adulatio
1342 4302 1430 4384 prin-
