3078 4912
262 393 312 470 eu
543 350 571 469 ,’
624 342 1035 468 uauuucounnn.
1119 479 1127 492 δ

264 565 380 656 liquido
401 581 546 656 apparet,
569 571 769 637 secernenda
790 582 865 636 sunt
885 575 957 656 illa,
980 590 1063 655 quoe
1085 571 1126 636 ad
1148 590 1254 656 genus
1274 570 1413 635 didacti-

265 701 338 744 cum
359 677 476 744 autad
497 679 710 743 narrationem
731 679 891 763 poeticam
911 680 1071 761 pertinere
1092 677 1282 763 docuimus,
1298 688 1349 762 set
1370 680 1411 740 ab

263 789 316 851 illa
334 789 569 870 vituperatione
591 789 716 850 omnino
739 781 949 849 excludenda
990 777 1045 848 Ao‘
1065 805 1105 848 ea
1126 804 1225 870 vero,
1265 805 1349 868 quae
1370 784 1412 848 ad

213 883 215 890 i
264 897 377 979 elegos
398 915 497 960 sensu
519 897 666 960 strictiori
687 894 862 975 pertinent,
893 901 983 956 recte
1011 891 1175 956 censenda
1199 901 1279 962 ,ante
1307 894 1413 955 omnia

263 1002 442 1066 cavendnm
471 1013 541 1087 est,
575 1021 616 1064 ne
644 1021 686 1064 ex
707 1001 825 1063 nostris
854 1019 894 1062 ea
915 1000 1054 1064 moribus
1074 1019 1116 1064 ac
1136 1000 1288 1064 sensibus
1310 1000 1413 1063 aesti-

263 1109 379 1172 manda
400 1119 497 1191 atque
519 1105 730 1171 examinanda
751 1115 915 1191 putemus,
948 1103 1008 1176 sed
1028 1117 1136 1169 mente
1157 1107 1284 1169 versari
1304 1108 1336 1168 in
1358 1108 1410 1168 illa

232 1279 247 1300 ⁸
263 1225 371 1278 aetate
403 1213 577 1300 debemus,
611 1225 674 1299 'qua
701 1215 822 1296 scripta
844 1223 936 1298 sunt,
965 1233 1147 1295 sensusque
1168 1213 1212 1275 ad
1232 1193 1315 1277 illius
1337 1215 1411 1276 aevi
1498 1227 1499 1240 ¹

263 1323 423 1387 hominum
444 1337 594 1406 sensum,
624 1341 730 1386 mores
751 1331 848 1405 ntque
868 1322 1031 1404 ingenium
1053 1321 1214 1404 exigendi.
1265 1321 1412 1404 Fingen-

265 1427 324 1492 ‹lus
347 1429 541 1513 cogitatione
563 1440 615 1494 est
635 1438 743 1512 poeta,
767 1430 818 1512 qui
840 1418 872 1491 in
894 1428 977 1492 dulci
999 1428 1156 1492 societate
1175 1415 1314 1492 dilectae
1329 1447 1412 1491 uxo-

180 1611 185 1618 ,
264 1538 330 1621 ris',
353 1539 384 1600 in
405 1535 632 1602 iucundissimo
647 1537 735 1602 ‚illius
757 1538 874 1600 aetatis
894 1544 1062 1617 poetarum
1083 1543 1117 1598 et
1136 1536 1277 1598 virorum
1297 1534 1412 1599 docto-

263 1662 332 1705 rum
354 1645 568 1726 commeroio,
598 1641 772 1727 honoratus
794 1645 834 1707 eb
856 1642 1000 1705 omnibus
1010 1686 1023 1727 ,
1055 1643 1089 1705 in
1118 1643 1344 1706 florentissima
1374 1661 1415 1705 ac

264 1751 477 1831 pulcherrima
498 1750 595 1812 totius
617 1749 702 1812 orbis
724 1758 877 1833 terrarum
897 1749 974 1812 urbe
995 1751 1124 1832 plenum
1137 1767 1237 1832 prope
1253 1749 1412 1811 hnmanae

268 1858 357 1920 vitae
388 1858 527 1938 spatium
548 1857 632 1926 laete
654 1875 695 1919 ao
710 1853 1029 1929 'hiinredeourrerat
1079 1857 1241 1939 Fingendi
1260 1855 1411 1938 Romani,

189 2041 192 2048 Ι
265 1966 378 2049 quibus
399 1965 473 2026 nihil
492 1982 552 2045 par
571 1962 696 2026 Rornae
718 1973 805 2048 erat,
839 1967 971 2048 quibus,
995 1983 1068 2027 curn
1089 1963 1218 2026 mollitie
1235 1983 1276 2028 ac
1290 1962 1421 2027 deliciis.

175 2095 178 2104 ·
265 2073 452 2154 affluerent,
481 2073 665 2152 voluptates
685 2071 780 2135 Urbis
814 2081 847 2134 et
871 2061 1019 2153 publicae
1048 2080 1082 2134 et
1102 2071 1250 2152 privatae
1270 2073 1357 2134 nulla
1377 2089 1413 2133 re

264 2180 398 2263 aequari
418 2187 475 2242 aut
496 2179 697 2262 compensari
713 2165 812 2261 posse
828 2165 1030 2262 videbantur,
1051 2179 1105 2261 qui
1120 2197 1214 2261 porro
1226 2179 1286 2242 sub
1299 2180 1413 2242 inorm-

265 2287 396 2351 dissimo
418 2289 509 2350 coelo
530 2287 562 2347 in
583 2287 811 2350 amoenissima
830 2286 1086 2368 ltaliaeregione
1103 2285 1277 2370 degebant,
1300 2288 1412 2369 quibus

264 2398 388 2479 patria,
413 2404 445 2458 ct
466 2395 521 2458 tali
543 2382 668 2486 quidem
690 2395 812 2480 petria,
836 2413 947 2459 carere
969 2412 1026 2474 pro
1047 2411 1173 2457 summa
1194 2393 1323 2456 miseria
1345 2401 1412 2476 eret

266 2515 298 2566 et
324 2505 356 2568 in
383 2503 540 2566 communi
569 2503 718 2583 Europae
746 2502 872 2566 mediae
903 2511 937 2564 et
962 2501 1100 2564 borealis
1129 2500 1193 2563 illis
1217 2502 1412 2582 temporibus
1502 2559 1503 2578 ,

266 2611 412 2671 barbaria
432 2610 525 2672 Ponti
548 2617 581 2670 et
601 2609 725 2670 Daciae
746 2610 897 2690 regiones
929 2609 1133 2691 asperiores,
1168 2607 1345 2674 ferociores
1374 2627 1414 2671 ao

266 2717 442 2797 turpiores,
467 2734 561 2796 quam
584 2724 713 2804 nostrae
736 2715 835 2777 aetati
856 2709 1041 2776 tristissimi
1055 2715 1199 2797 Lappiae
1220 2721 1260 2778 ao'
1277 2715 1413 2778 Sibiriae

267 2831 401 2905 tractus,
423 2821 622 2885 videbantur.
663 2822 815 2884 Profecto
834 2821 917 2896 haec
938 2822 967 2886 si
987 2831 1184 2906 reputamus,
1207 2830 1241 2885 et
1257 2821 1412 2885 Romanis

265 2931 438 2993 lectoribus
457 2929 488 2990 in
504 2929 554 2992 his
565 2929 755 2992 carminibus
765 2930 894 3010 placere
906 2929 1069 3014 debuisse,
1080 2927 1282 3012 iucundoque
1292 2947 1350 2990 eos
1361 2927 1414 2989 ai-

266 3037 364 3102 flcere
386 3035 505 3121 dolore,
536 3045 666 3118 poetam
689 3054 769 3097 vero
790 3038 958 3119 eleganter
978 3038 1124 3120 potuisse
1147 3038 1235 3120 queri
1262 3036 1413 3119 intelligi-

265 3165 348 3229 mus,
372 3165 454 3227 quae
477 3145 595 3206 nostris
618 3141 746 3206 auribus
772 3165 813 3208 ex
839 3145 992 3207 humiliori
1015 3143 1152 3228 quadem
1173 3152 1288 3206 natura
1319 3141 1414 3204 animi

265 3253 412 3335 proiecta
430 3235 470 3314 ac
494 3253 578 3313 iusto
604 3251 756 3314 flebiliora
782 3272 858 3318 esse
879 3252 1057 3315 videantur.
1088 3251 1235 3333 Denique
1258 3251 1414 3331 permulta

266 3362 376 3422 horum
403 3357 550 3420 librorum
577 3358 719 3420 earmina
741 3368 817 3421 sunt
846 3359 1048 3443 huiusmodi,
1084 3361 1126 3420 ut'
1147 3358 1273 3420 etiamsi
1297 3375 1414 3420 severa

265 3469 318 3529 illa
340 3466 584 3529 Sohillerianne'
601 3464 766 3528 doctrinae
785 3469 903 3530 trutina
925 3467 1162 3549 examinentur,
1199 3465 1359 3547 insignem
1383 3464 1414 3524 in

253 3574 457 3648 ⁴carminibus
476 3569 630 3656 elegiacis
652 3575 756 3636 locum
770 3576 882 3638 merito
895 3574 1067 3635 obtineant.
1109 3571 1218 3652 Quare
1230 3563 1267 3634 ¹si
1285 3571 1414 3651 vitupei

266 3683 420 3744 rationem
442 3683 547 3763 paullo
568 3679 740 3744 humilioris
763 3675 804 3746 ao
824 3667 985 3744 ilebilioris
1001 3679 1237 3742 lamentationis
1254 3679 1290 3740 in
1310 3669 1415 3758 pauca

267 3791 377 3852 horum
399 3773 582 3853 carminum
598 3788 715 3851 cadere
739 3779 982 3852 concedendum
1010 3796 1073 3871 est,
1104 3787 1280 3850 schilterus
1306 3793 1413 3846 temen

267 3895 731 3986 graviterreprehendendue,
755 3895 841 3978 qu'otl
865 3877 1131 3976 vituperationem
1163 3894 1248 3956 illam
1276 3899 1415 3976 quorun-

268 4005 341 4069 dam'
363 4016 396 4069 et
415 4023 588 4089 paucorum
611 4004 775 4087 elegorum
798 4001 856 4066 toti
879 4002 1026 4066 librorum
1041 4002 1190 4066 'tristium
1214 3999 1339 4082 corpori
1362 4007 1415 4060 te-

266 4132 355 4180 mere
378 4114 527 4179 attribuit.
543 4129 545 4134 ·

647 4274 1039 4325 *w*
