3048 4882
479 329 577 406 ΜΒ.
601 330 670 406 IV.
711 329 863 409 ELEG.
888 334 937 410 X.
1198 340 1271 416 433

121 513 206 565 tertia
222 513 274 564 illa
291 515 319 564 et
335 495 431 564 ultima
447 526 535 564 uxore
550 515 645 581 liliam,
673 517 707 566 de
733 531 786 581 qna
809 519 978 587 quaerimus,
1001 524 1176 582 procreatam
1200 535 1270 576 esse.

42 627 45 638 .
121 595 210 661 Quum
226 609 313 659 porro
332 598 365 644 do
382 596 471 658 prima
489 609 576 648 uxore
598 611 665 664 sua,
681 599 830 664 simplicius
846 605 940 666 paullo
957 616 1105 669 parumque
1120 606 1270 657 honorilice

122 679 182 742 lpse
197 680 305 730 scribat
322 681 388 743 (lv,
407 679 450 743 1⁰,
469 680 539 736 dai:

322 790 398 833 Paene
412 787 466 831 mihi
480 799 550 842 puero
564 799 608 832 nes
621 789 690 844 dignu
704 803 747 834 nee
759 791 823 836 ntiiis
836 805 895 838 nxor

373 855 417 898 list
429 855 490 910 data,
505 867 563 911 quae
577 860 664 910 lempna
678 859 801 912 perbreve
814 863 884 914 nupia
897 860 942 905 inlr
952 875 993 915 -;

123 967 182 1005 oum
197 958 322 1006 secunda
338 963 429 1038 autem
446 963 486 1018 (v.
508 959 549 1009 70.
571 964 599 1010 et
624 960 679 1017 71.)
699 973 750 1024 per
771 963 882 1027 aliquod
905 969 982 1017 certa
1004 969 1109 1029 tempus
1131 969 1270 1032 coniugali

121 1049 215 1088 amore
233 1044 316 1102 atque
334 1043 483 1092 concordia
499 1043 617 1108 vixerit,
639 1045 784 1095 admodum
805 1049 949 1110 probabile
966 1053 1019 1114 est,
1036 1051 1107 1102 hane
1122 1054 1269 1103 secundam
1354 1111 1356 1118 ,

121 1122 224 1183 politae
243 1135 354 1172 uxorem
373 1126 487 1176 Ovidiae
503 1125 577 1176 illius
594 1129 708 1176 matrem
725 1129 817 1178 fuisse.

188 1205 306 1266 Nuptan
325 1208 409 1257 inissa
431 1210 490 1271 ipse
512 1211 594 1258 dooet
615 1211 728 1272 primum
750 1211 825 1259 Fast.
843 1211 894 1275 vl,
917 1210 976 1260 219.
991 1223 1077 1277 seqq„
1103 1215 1200 1264 deinde
1216 1195 1268 1266 lroo

119 1281 184 1339 looo
203 1289 285 1339 Trlst
303 1290 357 1348 (7.).
375 1292 441 1356 iii),
459 1303 494 1342 ex
511 1305 564 1356 qno
580 1292 645 1342 loco
664 1292 744 1341 etiam
760 1294 857 1359 liquet,
874 1297 902 1344 et
919 1296 1077 1345 maturrime
1094 1299 1122 1347 et
1140 1297 1179 1346 bis
1196 1310 1268 1360 nup·
1295 1313 1305 1332 ·

120 1371 201 1435 aissa,
219 1375 247 1421 et
265 1374 299 1421 de
317 1376 433 1437 utroque
451 1375 548 1424 marito
566 1379 680 1425 matrem
694 1375 795 1425 factam
808 1389 878 1426 esse.
911 1377 1081 1426 Alterutrum
1098 1379 1192 1427 lorum
1210 1380 1268 1430 elus

121 1457 267 1519 coniugum
284 1457 369 1506 luisse
386 1457 482 1506 liidum
499 1456 668 1521 Cornelium,
685 1459 858 1522 senatorem,
876 1459 953 1508 testis
970 1462 1013 1507 est
1029 1461 1136 1508 Seneca
1146 1463 1180 1510 de
1191 1462 1267 1512 con-

120 1543 203 1590 stant.
220 1542 284 1604 sap.
303 1554 326 1591 c.
344 1541 386 1590 17.
392 1573 403 1605 ,
425 1541 470 1602 qui
495 1542 530 1589 de
551 1551 584 1588 eo
607 1541 648 1590 sio
664 1542 757 1590 habet:
776 1541 813 1589 Ia
833 1542 933 1590 senata
947 1541 1060 1604 flentem
1076 1540 1198 1591 vidimus
1214 1544 1267 1594 lii-

120 1624 190 1672 dam
207 1622 382 1684 Corneliam,
407 1621 534 1672 Nasonis
549 1635 696 1687 ueneram,
719 1635 781 1673 cam
802 1621 884 1672 iilum
906 1621 1029 1674 Corbulo
1045 1622 1268 1674 struthiocame-

120 1706 182 1754 lum
198 1705 353 1767 depilatum
370 1705 498 1756 dixisset.
532 1706 677 1756 Adversus
695 1705 757 1756 olla
772 1703 926 1756 maledicta
941 1716 1036 1754 mores
1053 1706 1083 1754 et
1096 1705 1184 1755 ailam
1201 1709 1267 1756 oul-

120 1787 259 1837 aeraatr'a
272 1788 381 1853 frontis
398 1787 442 1838 itii
456 1787 583 1853 firmitas
599 1788 737 1852 constitit,
754 1791 892 1840 adversae
908 1789 961 1839 loo
978 1789 1038 1837 taor
1049 1787 1203 1839 absurdum
1220 1791 1267 1839 lo-

119 1871 228 1923 orlmae
242 1870 438 1936 prociderant.
463 1898 497 1908 —
518 1874 588 1922 Sunt
613 1873 717 1936 quidem
722 1906 735 1938 ,
756 1875 801 1936 qui
823 1874 956 1937 dubitent,
973 1885 1008 1922 an
1025 1872 1073 1922 ille
1090 1874 1161 1934 apud
1178 1875 1267 1922 Sene-

120 1970 182 2007 oam
200 1959 275 2006 Naso
292 1956 360 2006 idem
378 1969 438 2005 cum
455 1955 541 2018 podia
557 1956 592 2007 sit
610 1957 764 2021 habendus,
786 1957 845 2005 siue
867 1955 939 2006 iusta
956 1968 1064 2020 caussa,
1082 1960 1112 2007 ut
1127 1957 1190 2006 milri
1207 1957 1268 2020 qul-

120 2040 183 2088 dem
201 2039 316 2090 videtur.
348 2043 416 2091 Nam
440 2043 511 2101 quod
535 2043 619 2104 poeta
641 2053 658 2090 a
680 2042 787 2090 senece
807 2041 882 2089 Naso
905 2042 1040 2104 vocatur,
1067 2052 1122 2088 non
1144 2040 1269 2105 Ovidius,

121 2134 175 2185 quo
192 2122 300 2171 nomine
318 2123 396 2172 lnodIe
415 2123 498 2186 vulgo
516 2123 651 2185 appellari
667 2124 751 2187 solet,
768 2123 880 2174 ovidius
900 2136 931 2172 se
948 2126 1007 2186 ipse
1023 2123 1051 2172 in
1067 2107 1267 2186 Trist.,'l’ont.,

120 2206 226 2268 Amor„
243 2208 302 2255 Art.
320 2217 371 2254 am.
389 2207 417 2255 et
434 2207 544 2255 liemed.
562 2206 623 2268 plus
641 2207 744 2256 centies
761 2207 800 2255 lta
817 2206 979 2271 appellavit,
993 2218 1044 2255 nec
1061 2205 1144 2254 aliter
1159 2206 1267 2253 Seneca

119 2291 245 2348 pateret
263 2288 389 2338 Velleius
406 2289 579 2360 laterculus,
597 2289 655 2338 eins
673 2291 819 2355 aequales,
843 2294 872 2339 et
893 2289 938 2351 qui
958 2289 998 2338 liis
1018 2291 1110 2336 aetate
1127 2285 1266 2347 proximus

119 2370 182 2434 fuit,
199 2369 345 2420 Martialis.
378 2369 504 2433 Accedit,
522 2372 551 2419 ut
568 2381 602 2418 ea
619 2374 710 2421 aetate
719 2375 843 2423 Nasones
852 2374 955 2421 liomae
976 2369 1124 2442 exstitisse,
1141 2379 1194 2428 quo
1212 2368 1266 2416 se-

121 2465 207 2502 necae
225 2454 314 2503 oratio
334 2454 458 2517 ambigua
475 2454 566 2516 tieret,
582 2465 638 2502 nou
655 2457 771 2504 constet.
804 2455 951 2504 Maximum
967 2455 1057 2504 autem
1067 2452 1266 2513 argumentum,

119 2535 235 2583 allatum
257 2535 336 2584 etiam
357 2548 374 2584 a
395 2539 517 2590 Messon.
539 2537 567 2587 ln
589 2537 656 2586 Vita
677 2521 777 2599 ovina,
799 2535 867 2585 illud
885 2538 938 2602 est,
955 2537 1026 2600 quod
1049 2537 1156 2586 Seneca
1172 2533 1267 2582 liiduin

119 2615 280 2669 cornelium
297 2617 334 2667 lta
352 2619 467 2670 ulterius
493 2632 528 2669 ex
548 2620 639 2670 sooerl
661 2619 770 2670 nomine
792 2619 958 2684 designavit,
980 2627 1035 2667 non
1056 2618 1193 2682 tacturus,
1215 2617 1268 2667 nisi

118 2701 148 2749 Ρ.
167 2698 291 2749 Ovidium
307 2702 454 2768 Nasonem,
471 2691 684 2755 illustrissimum
701 2702 822 2766 positam,
839 2701 934 2763 quiea
951 2712 1056 2763 quoqne
1073 2705 1164 2752 aetate
1182 2701 1267 2750 lrabe-

118 2785 201 2834 batur
218 2772 458 2849 (seneo.'0aaest.
474 2789 537 2838 Nat.
555 2789 604 2836 lll.
623 2799 647 2836 c.
665 2786 717 2849 27„
734 2784 883 2834 volarat.
901 2786 936 2834 ll.
954 2798 976 2834 o.
994 2782 1060 2848 aa),
1077 2783 1265 2833 intellexisset.

120 2870 178 2921 Neo
197 2868 310 2931 denique
328 2869 419 2920 obstat
435 2871 496 2920 Fidi
513 2867 636 2921 cornelii
653 2871 722 2918 ordo
738 2867 894 2918 senatorius
916 2870 997 2929 atque
1014 2866 1160 2929 nobilitas,
1186 2879 1266 2927 quum

120 2954 244 3006 Ovidium
261 2953 349 3014 ipsum
371 2962 406 2998 ex
427 2952 537 3014 antiquo
553 2957 662 3016 'genere
686 2951 806 3013 equestri
826 2950 927 3012 luisse,
948 2960 1105 3009 summaque
1122 2949 1266 2999 familiari-

84 3023 91 3030 ’
121 3038 178 3087 tate
196 3049 273 3085 naum
292 3036 401 3083 constet
417 3034 495 3083 Sexti
511 3035 631 3096 Pompeii
649 3037 738 3093 (nont
756 3035 809 3098 IV,
826 3033 875 3096 4.),
892 3030 1034 3081 Messalini
1050 3032 1078 3078 et
1095 3030 1151 3080 eius
1169 3032 1278 3080 fratris·

119 3121 210 3177 (Pont.
228 3119 253 3180 1,
269 3116 321 3177 7.),
339 3116 478 3177 utriusque
496 3116 624 3166 Graecini
641 3119 731 3176 (Pont.
748 3118 800 3182 lv,
818 3117 842 3165 9.
861 3116 896 3164 oi.
914 3117 937 3176 l,
955 3113 1009 3174 6.),
1031 3112 1201 3176 aliorumque
1220 3114 1264 3162 vl-

117 3212 213 3251 rorum
232 3198 429 3261 consularium,
446 3201 474 3247 et
491 3199 598 3246 tertiam
616 3201 672 3250 eius
690 3211 803 3250 uxorem
821 3209 837 3248 e
852 3201 935 3261 gente
951 3194 1131 3244 Maximorum
1143 3195 1194 3256 ipsi
1205 3199 1264 3246 Au-

117 3283 201 3345 gusto
227 3278 342 3332 caesari
365 3280 450 3330 luisse
474 3280 617 3343 cognatam
641 3282 732 3340 (loni.
750 3283 775 3345 l,
796 3280 843 3338 a).
882 3278 945 3329 Vid.
963 3276 1114 3328 Praemium
1131 3277 1166 3326 ad
1183 3277 1264 3330 arist.

118 3363 174 3425 lll,
191 3360 216 3410 8.
