3078 4912
363 443 386 462 ,
482 365 893 444 PROLlllGOMllNA.
990 477 998 488 „
1216 365 1265 441 1³

115 559 222 639 situm,
244 553 407 618 sinceram
427 548 549 612 habent
561 557 666 630 atque
683 547 895 626 incomptam
903 546 1009 610 Latini
1020 548 1264 632 sermonispro-

60 663 68 674 ‘
116 665 286 746 prietatem
308 667 405 739 atque
426 657 650 739 integritatem.
693 653 784 714 Nihil
794 671 929 736 usquam
942 652 1010 716 duri
1031 664 1086 717 aut
1106 655 1264 742 allactari,

115 771 236 832 nullum
255 765 415 847 studium,
430 762 514 848 quod
534 764 566 824 in
588 763 668 824 aliis*
680 761 763 822 illius
784 761 902 822 aetatis
922 755 1029 841 poetis
1048 761 1172 826 Latinis
1193 783 1267 828 cer-

118 877 215 957 nitur,
246 853 442 936 Graecitatis
471 879 545 952 aut,
570 869 652 952 quod
676 869 708 928 iu
729 868 887 948 Propertii
909 869 1012 950 elegis
1033 869 1185 949 imprimis
1206 891 1267 932 no-

120 990 225 1064 tatur,
256 980 447 1042 ,insolentiae
465 967 537 1040 *aut
556 974 755 1057 antiquitatis
784 993 889 1056 neque
916 976 949 1036 in
964 977 1085 1038 .verbis
1110 996 1216 1058 neque
1237 979 1269 1043 iu
1301 1033 1307 1042 .

92 1147 97 1150 .
120 1106 227 1168 corum
246 1083 485 1168 coniunctione,
508 1084 613 1164 nullus
634 1083 736 1158 tumor
757 1083 923 1166 inanisque
936 1083 1175 1164 splendidorum
1192 1104 1271 1146 ver-

117 1197 227 1258 borum
248 1196 416 1275 strepitust
434 1190 510 1256 -se'd
539 1191 643 1251 oratio
662 1190 731 1250 fere
751 1185 870 1271 ubique·
890 1191 1014 1273 nativa,
1036 1209 1117 1256 vera
1139 1209 1180 1253 ao
1200 1191 1270 1254 La·

118 1287 371 1384 tina3‘adeoque
393 1300 545 1380 simplex,
575 1307 613 1378 ut·
635 1314 874 1380 nonnunquam,
886 1316 985 1378 prope
1011 1297 1104 1370 nimis
1126 1298 1168 1361 ad
1189 1315 1272 1362 con·

118 1409 320 1475 suetudinem
354 1424 553 1472 communem
583 1404 770 1468 descendat.
836 1403 1005 1468 structura
1041 1405 1270 1490 sententiarum

120 1518 226 1579 facilis
248 1525 281 1576 ct
302 1525 411 1590 tamen
431 1515 535 1594 varia,
558 1531 644 1573 nova
665 1520 698 1572 et
719 1511 865 1593 elegans,
884 1519 919 1571 ut
936 1527 979 1572 ex
991 1511 1042 1573 his
1054 1531 1179 1595 quoque
1196 1531 1271 1574 car-

120 1624 258 1685 minibus
280 1619 445 1702 appareat,
470 1638 580 1680 omnes
603 1616 758 1682 Ovidium
775 1617 880 1694 Latini
909 1613 1067 1680 sermonis
1097 1619 1209 1699 copias
1229 1615 1272 1680 in

120 1735 269 1811 promptu
302 1727 471 1808 habuisse,
506 1723 654 1826 nullaque
688 1741 824 1806 usquam
857 1723 1046 1788 difficultate
1079 1735 1134 1789 aut
1166 1726 1273 1807 inopia

120 1837 225 1898 fuisse
247 1819 441 1916 impeditum,
471 1834 650 1915 quominus,
677 1833 828 1915 quicquid
844 1833 945 1894 vellet
967 1841 1000 1894 et
1021 1834 1125 1896 animo
1148 1852 1270 1898 conce·
1297 1837 1303 1846 '

120 1946 236 2026 pisset,
257 1957 356 2032 quam
377 1941 526 2004 facillime
549 1959 589 2002 ac
604 1939 806 2010 lucidissime
828 1939 1015 2022 declararet.
1063 1941 1189 2004 Versus
1212 1941 1273 2003 de·

121 2051 216 2132 nique
238 2056 327 2114 tanta
349 2019 709 2154 facilitatedecurrnnt,
740 2055 775 2130 ut
802 2061 865 2108 non
890 2066 968 2138 cura
985 2067 1030 2130 *ac
1050 2047 1158 2111 labore
1181 2067 1271 2111 eom-

122 2158 229 2238 positi,
235 2157 311 2218 sed
334 2164 446 2217 natura
468 2173 509 2218 ac
530 2143 599 2216 sna
607 2162 733 2235 sponte
757 2163 835 2217 csse
858 2157 924 2218 nati
946 2154 1043 2216 etad
1065 2175 1136 2217 eam
1158 2175 1273 2220 nume-

123 2283 228 2326 rorum
254 2261 482 2364 modorumque
508 2263 700 2324 varietatem
722 2271 833 2343 atque,
854 2270 1055 2324 concentum
1074 2264 1276 2324 concurrisse

124 2370 314 2452 videantur3
338 2379 500 2432 ettamen
522 2376 588 2428 tam
594 2366 687 2450 apta'
708 2377 760 2428 est
787 2368 1018 2429 sententiarum
1046 2335 1220 2450 conclusio,
1242 2376 1278 2429 ut

123 2478 209 2540 baud
232 2478 328 2539 facile
351 2475 531 2554 discernas,
554 2480 658 2532 utrum
679 2473 860 2532 sententiae
877 2481 935 2552 pro
951 2475 1074 2534 ratione
1092 2492 1133 2536 ac
1149 2473 1275 2536 modulo
1356 2491 1361 2497 ·

122 2601 278 2644 versuum
305 2581 401 2643 modo
430 2572 618 2661 dilatentur,
647 2577 744 2640 modo
771 2587 988 2673 coarctentur,
1019 2600 1060 2642 an
1081 2599 1196 2644 versus
1218 2601 1275 2646 se·

124 2697 265 2774 quantur
278 2688 464 2752 sententias
486 2702 656 2785 earumque
669 2681 762 2762 modo
780 2695 876 2812 atquc
892 2687 1133 2753 conformationi
1144 2679 1277 2754 accom-

19 2783 25 2790 ’
127 2797 332 2862 medentur.

207 2895 275 2967 Sed
292 2903 412 2994 eadem
439 2901 595 2966 habent.
583 2904 725 2992 insignia
754 2921 879 2994 quoque
900 2905 991 2982 pitia.
1034 2905 1122 2969 Nam
1143 2906 1298 2986 primunr-

90 3009 97 3022 '
124 3012 280 3095 laborant,
303 3020 339 3074 ut
359 3012 453 3074 huius
474 3015 593 3091 politae
616 3013 759 3090 carmina
779 3013 931 3092 pleraque
946 3013 1172 3096 omnia,nimia
1195 3030 1276 3093 qua-

126 3120 200 3182 dam
221 3120 415 3183 abundantia
435 3127 532 3201 atque
544 3121 686 3200 luxuria.
728 3119 877 3200 Namque
889 3115 1025 3190 Ovidius
1038 3115 1164 3180 felicem
1178 3119 1275 3200 illam,

125 3246 189 3309 qua
211 3227 252 3288 ad
272 3227 432 3306 poeticam
461 3214 616 3288 enatura
637 3235 707 3287 erat
735 3226 922 3305 instructus,
945 3225 1065 3307 ingenii
1086 3227 1276 3308 ubertatem,
1301 3225 1305 3306 Ἰ
1373 3219 1377 3226 ’

126 3336 204 3395 sive
225 3333 308 3414 quod
328 3333 478 3396 iudicium
499 3352 591 3395 suum
613 3332 718 3399 studio
741 3313 1008 3395 ac'meditaticne
1029 3352 1093 3396 non
1114 3335 1195 3399 satis
1217 3355 1279 3398 ex-

126 3441 227 3504 coluit
246 3442 406 3523 acuitque,
431 3435 503 3504 sive
526 3440 610 3524 quod
630 3423 783 3522 ipse'sibi
804 3421 896 3503 nimis
910 3431 1047 3524 placuit,
1070 3462 1133 3503 non
1150 3462 1279 3523 semper

126 3549 291 3631 elegantia
323 3549 447 3632 iudicii,
477 3557 512 3610 ut
540 3549 696 3631 oportuit,
726 3549 917 3630 temperavit
945 3557 1041 3631 atque
1068 3551 1278 3630 ‚compescuit

126 3657 211 3719 llinc
231 3658 264 3718 in
285 3655 337 3718 his
359 3675 484 3737 quoque
506 3656 697 3718 carminibus
716 3657 852 3735 ‘primum
873 3675 1033 3737 persaepe
1055 3657 1130 3720 illud
1157 3641 1279 3739 pecca·

126 3766 186 3844 vit,
208 3772 244 3826 ut
266 3765 327 3826 illis
347 3764 537 3844 praesertim
559 3765 591 3840 in
612 3763 781 3845 locis,=qui
801 3753 1040 3846 exquisitiorem
1065 3767 1203 3847 aliquem
1224 3757 1303 3826 cr-'
1372 3788 1374 3792 ·

126 3880 236 3932 natum
258 3873 313 3933 vel
334 3871 522 3934 doctrinam·
533 3871 748 3954 admitterent,
772 3857 878 3933 nimio¹
897 3873 1034 3957 quodam
1058 3874 1154 3944 animi
1177 3873 1280 3952 impo-

127 3987 164 4038 tu
172 3996 217 4040 ac
227 3980 417 4062 phantasiae
438 3973 649 4041 redundantia
669 3980 752 4041 ultra
773 3980 856 4043 lines
873 4000 972 4041 verae
990 3977 1209 4064 pulcri-tudinis
1221 3979 1281 4040 ab·

126 4084 188 4166 ripi
219 4104 294 4148 sese
335 4097 508 4168 pateretur.
560 4087 668 4168 Atque
704 4085 788 4148 inde-
811 4103 865 4146 res
895 4105 935 4146 ao
971 4085 1150 4147 sententias
1180 4103 1281 4168 saepe

107 4179 234 4274 ¹paullo
260 4195 405 4257 subtilius
435 4191 580 4256 extendit
607 4201 704 4274 atque
732 4193 765 4252 in
792 4176 998 4262 tenuissimas
1026 4199 1136 4274 partes
1161 4194 1283 4257 diduxit

128 4307 226 4383 atque
249 4301 412 4384 dissolvit,
431 4307 468 4361 ut
488 4317 551 4361 non
573 4299 657 4361 absit
678 4317 700 4360 a
719 4297 968 4378 reprehensione
985 4302 1157 4366 nimietatis
1171 4299 1212 4366 ab
1232 4303 1283 4363 lo-

127 4408 311 4490 quacitatis.
345 4410 434 4488 Neo
451 4425 523 4470 raro
545 4407 719 4470 orationem
743 4407 910 4492 exemplis,
934 4409 1087 4474 similibus
1101 4417 1133 4471 et
1149 4411 1282 4486 compa-
