3028 4886
199 390 203 398 ’
248 357 322 432 nie

443 355 486 428 P.
513 351 681 429 ovibu
706 347 944 428 NASONIS
974 347 1231 428 TRISTIUM
1276 335 1283 344 ’
1321 353 1327 358 “

247 539 297 612 Di
323 537 390 610 tibi
414 556 457 609 se
482 534 642 608 tribuant
666 553 746 608 cum
772 530 937 607 Caesare
962 554 1107 632 semper
1132 536 1292 608 amicost

297 659 385 733 Non
411 659 529 756 potuit
553 665 678 731 votum
702 655 959 756 plenius-csse
982 677 1108 730 meum.

247 782 354 856 Haeo
385 803 485 852 meus
511 783 663 876 argutis,
689 783 721 852 si
746 786 786 852 tn
810 785 992 878 paterere,
1018 777 1159 853 libellis

298 904 460 978 Poneret
485 905 522 974 in
547 902 659 975 multa
684 901 769 976 luce
793 901 958 976 videnda
983 902 1117 976 labor..

249 1026 359 1100 Nunc
373 1047 516 1123 quoque
528 1047 583 1116 se,
597 1028 761 1123 quamuis
775 1032 832 1098 est
844 1027 945 1098 iussa
958 1027 1161 1122 quiescere,
1183 1025 1269 1123 quin
1282 1030 1320 1101 tc
1346 1026 1399 1100 25

298 1148 473 1222 Nominat
494 1151 663 1238 invitum,
689 1150 758 1221 vix
782 1170 863 1220 mea
885 1148 994 1222 Musa
1017 1155 1128 1221 tenet.

246 1271 368 1368 thue
394 1292 520 1344 canem
544 1269 704 1370 pavidae
729 1277 873 1345 nactum
896 1273 1059 1368 vestigia
1084 1283 1221 1346 cervae
1244 1279 1246 1282 ’
1268 1263 1279 1344 Ῐ
1354 1257 1358 1264 ’

296 1393 507 1466 Latrautem
531 1393 668 1467 frustra
692 1395 826 1494 copula
851 1393 942 1468 (lura
966 1401 1085 1485 tenet,

245 1515 368 1615 thue
394 1515 495 1590 fores
520 1516 677 1591 nondum
702 1521 855 1591 reserati
882 1520 1043 1592 carceris
1069 1539 1156 1608 acer

189 1641 195 1654 '
295 1640 407 1715 Nunc
430 1640 539 1740 pede,
566 1663 662 1715 nnnc
686 1644 769 1741 ipsa
792 1641 927 1732 fronte,
952 1640 1107 1716 lacessit
1132 1663 1269 1740 equus:
1345 1639 1395 1715 30

246 1865 325 1914 serv.
343 1865 371 1913 et
390 1862 480 1912 Berol.
498 1862 541 1910 est
557 1865 692 1915 omittunt.
710 1890 741 1900 -
757 1867 793 1915 V.

245 1944 286 1994 21.
312 1943 386 1993 Leid.
407 1942 506 1992 amieo.
532 1969 565 1980 —
589 1947 624 1996 V.
642 1947 682 1994 22.
713 1945 793 1998 (iotis

245 2037 304 2075 aec.
338 2025 435 2074 Dresd.
453 2038 504 2086 pro
522 2041 548 2075 r.
564 2039 618 2076 ser.
636 2040 695 2077 esse
707 2030 792 2082 tuum

244 2110 279 2161 V.
288 2109 329 2157 2³.
346 2107 420 2158 Gall.
436 2107 486 2156 sed
504 2107 542 2158 te.
576 2110 635 2162 Put
645 2110 718 2161 tusi.
734 2113 791 2162 Pal.

245 2188 269 2240 1.
282 2193 314 2252 ,ct
330 2191 432 2244 uersu.
447 2188 572 2253 patiare

278 2309 319 2357 2³.
345 2306 430 2357 Nune
446 2313 557 2370 quoque
574 2317 604 2354 se
625 2306 676 2355 ete.
718 2308 790 2357 Vul-

244 2395 311 2454 gata
328 2394 368 2449 (et
384 2391 424 2440 sic
442 2402 546 2452 qnoque
564 2389 685 2451 scriptii:

294 2483 359 2526 ituro
382 2495 471 2538 quoque
488 2483 590 2558 quumvis
608 2488 643 2526 ert
664 2484 708 2528 inm
728 2486 791 2531 iussa

542 2559 669 2602 quiescere.

243 2636 358 2686 Turbati
372 2637 483 2690 numeri,
495 2635 546 2694 (l).
580 2638 655 2685 Unus
675 2637 739 2686 Vnt.
761 2641 790 2688 et

243 2719 300 2769 l’ul.
319 2716 341 2766 i.
357 2729 430 2781 qotae
446 2729 555 2781 quoque
566 2729 647 2766 aune.
676 2721 788 2771 scribo:

196 2847 201 2855 .
293 2827 323 2873 se
341 2838 429 2890 quoque
450 2837 521 2878 nune,
548 2826 650 2879 quamvis
669 2834 705 2872 est
725 2830 788 2875 iussa

536 2893 666 2948 quiescere.
738 2902 740 2906 ’

241 2999 322 3066 „Vin
339 3012 369 3052 se
386 2999 539 3050 tenetmeu
555 2998 654 3060 Musa,
678 2995 744 3061 quin
763 2998 790 3048 te

242 3083 366 3133 nominet
399 3086 444 3132 vel
477 3075 632 3136 invitam.“
678 3080 788 3130 llrrrns.

241 3168 421 3217 Praetulimus
442 3180 460 3216 a
481 3165 620 3229 Naugerio
643 3176 658 3212 e
683 3164 789 3212 veteri-

241 3250 302 3313 bus,
320 3253 350 3299 ut
367 3252 420 3314 uit,
442 3250 519 3299 libris
536 3250 650 3296 sumtum
665 3249 693 3296 et
711 3247 789 3295 codd.

240 3335 354 3394 Bersm,
371 3333 462 3381 Berol.
481 3335 508 3380 et
520 3329 630 3379 Hercul.
643 3331 789 3379 confirma-

241 3418 296 3465 tam
318 3414 493 3473 scripturam:
522 3423 597 3458 nune
621 3423 729 3477 quoque
750 3427 788 3475 se,

170 3525 174 3534 ⁴
239 3491 368 3559 utramuis
385 3492 450 3540 est.
473 3527 479 3542 .
514 3493 588 3542 Male
599 3495 729 3544 eulmine
740 3507 788 3544 ra-

239 3579 314 3628 tione
339 3573 492 3632 sententiae
513 3586 551 3638 se,
570 3589 629 3625 cum
648 3579 672 3626 b.
688 3577 707 3625 i.
725 3579 787 3627 uui-

238 3662 293 3711 lam
319 3659 373 3709 vim
398 3657 514 3723 babeat,
540 3659 568 3708 in
592 3659 667 3710 initio
689 3670 786 3710 versus
808 3699 810 3706 .

843 1858 978 1915 Demsteri
999 1865 1028 1914 et
1048 1863 1176 1914 fortassis
1198 1864 1333 1938 unusve]
1350 1863 1395 1914 al-

844 1945 1297 2025 terlicius-Beroituctantem.
1320 1946 1394 1996 Busl.

842 2027 1021 2078 lustrantem.
1071 2029 1179 2091 Reliqui
1206 2039 1301 2076 omnes
1333 2040 1395 2078 cum

841 2111 910 2158 vett.
928 2110 987 2158 edd.
1005 2111 1175 2173 latrantem,
1205 2110 1278 2172 quod
1306 2121 1393 2160 revo-
1499 2117 1500 2166 J

840 2191 915 2253 cavi3
943 2203 1032 2266 neque
1051 2195 1207 2246 venatores,
1221 2195 1288 2254 puto
1312 2192 1394 2242 oblo-

841 2276 965 2324 cuturos:
990 2287 1053 2324 uam
1074 2276 1134 2325 veri
1156 2288 1239 2326 canes
1262 2276 1395 2340 venatici,

841 2359 912 2418 quod
932 2358 1033 2421 sciam,
1054 2357 1078 2406 si
1100 2357 1169 2406 bene
1193 2356 1290 2404 morati
1315 2360 1395 2421 sunt,

840 2452 927 2502 neque
949 2440 1055 2490 latrant
1079 2450 1167 2502 neque
1192 2437 1334 2488 luctantur
1362 2441 1394 2490 iu

841 2522 958 2586 copula,
981 2534 1064 2571 canes
1086 2522 1205 2570 braccae
1220 2524 1322 2585 nutem,
1340 2533 1394 2570 ve-

839 2593 1048 2668 stigia'nactae,
1065 2605 1158 2653 statim
1172 2604 1284 2653 latrant.
1311 2603 1393 2654 Fru-

839 2688 912 2749 stra,
925 2689 997 2749 quod
1011 2682 1166 2736 offendebat
1176 2686 1246 2734 ulios
1256 2686 1387 2752 interpp,

840 2781 908 2828 opus
926 2771 982 2831 est,
1005 2771 1035 2816 ut
1052 2767 1138 2818 simile
1155 2771 1246 2830 aptum
1263 2769 1319 2835 sit,
1341 2784 1389 2820 ne-

839 2861 891 2911 que
908 2850 1000 2914 video,
1018 2851 1080 2912 quid
1097 2835 1241 2913 displicere
1259 2854 1348 2913 possit
1364 2853 1389 2903 in

841 2932 979 2981 oratione:
999 2931 1189 2993 copuladura
1206 2943 1306 2982 eonem
1321 2934 1388 2999 sru-

839 3016 906 3064 stra
922 3014 969 3063 oet
986 3012 1036 3062 oin
1053 3011 1136 3076 tenet,
1152 3013 1199 3062 vel
1217 3016 1329 3068 retinet.

872 3133 912 3181 29.
939 3127 1081 3198 Carceris.
1113 3115 1247 3179 usitatior
1264 3135 1307 3182 est
1324 3133 1386 3196 plu.

839 3215 906 3264 ralis
923 3215 1000 3263 buius
1016 3212 1149 3275 nominis,
1171 3211 1195 3262 si
1212 3215 1255 3262 est
1272 3228 1324 3276 pro
1341 3225 1385 3264 re-

838 3295 957 3358 pagulis,
975 3297 1069 3358 quibus
1087 3294 1149 3356 equi
1166 3293 1194 3342 in
1206 3297 1295 3345 stadio
1306 3310 1385 3348 coer.

839 3377 984 3440 cebantur3
1017 3380 1066 3427 sed
1090 3378 1246 3427 Naso-boc
1274 3381 1385 3429 verbum

759 3481 762 3486 ·
837 3473 920 3523 saepe
938 3463 1030 3523 posuit
1045 3459 1235 3522 singulariter,
1252 3463 1283 3509 ut
1290 3461 1326 3524 V,
1340 3462 1384 3522 12,

837 3543 889 3608 26„
906 3547 973 3594 met.
989 3547 1026 3609 X,
1044 3545 1113 3605 652,
1131 3545 1191 3594 Art.
1209 3545 1240 3592 A.
1259 3545 1308 3606 111,
1325 3542 1383 3592 oet.

837 3627 873 3675 el.
890 3651 924 3664 -
940 3629 1019 3690 virg.
1038 3630 1070 3677 A.
1087 3625 1201 3689 V‚,1is.

125 4165 128 4172 ’
236 4153 336 4206 micae.

238 3742 356 3807 ponitur.
404 3739 508 3791 Contra
528 3744 687 3794 adverbium
712 3756 787 3794 nunc
825 3735 835 3807 j
884 3741 1073 3791 --ruuntqus
1086 3734 1152 3780 ⁶³¹¹ss
1170 3743 1263 3778 emm
1278 3744 1364 3777 turris·

238 3828 293 3876 vim
309 3824 401 3888 babet,
426 3825 498 3884 quod
514 3824 581 3874 iliis:
604 3825 630 3874 si
649 3829 787 3886 paterere
835 3841 1032 3905 mei.11,1ui.
1244 3831 1246 3836 ·

238 3946 244 3960 ⁸
268 3942 296 3973 ’'
322 3907 476 3969 opponitur'
525 3909 601 3958 γεω
627 3911 686 3957 edd*
710 3921 786 3957 mc
881 3945 945 3996 'Solis
959 3951 1011 4006 equi
1025 3978 1157 3992 .......
1171 3947 1300 3993 hinnitibus
1319 3958 1384 3992 aursi

238 4004 345 4058 ‘lumine
354 3990 411 4039 fam
421 3989 548 4054 ‘mmm
558 3991 607 4040 θεῖ·
619 3991 785 4042 mmm
883 4017 1036 4061 Flammiferis
1049 4015 1151 4070 inplent,
1163 4016 1307 4070 pedibusque
1319 4025 1383 4068 repr·

236 4083 351 4137 quoque.
384 4074 419 4125 V.
438 4075 478 4124 27.
499 4077 577 4124 lietu.
595 4078 624 4126 ct
640 4077 732 4126 cerel.
745 4073 784 4126 ti-
1047 4131 1054 4150 ·
1131 4084 1186 4138 guia
1199 4083 1300 4136 pulsnm.

833 4185 926 4236 Fores
941 4197 998 4236 aaa
1014 4185 1139 4238 reserati
1154 4183 1294 4236 carceris.
1329 4186 1383 4234 ne-

269 4268 309 4317 ta
326 4267 502 4350 butrentem.
518 4275 560 4323 ita
568 4275 659 4336 serv,
670 4275 797 4336 serm,
832 4265 934 4330 pugile
950 4267 977 4317 in
996 4269 1077 4322 circo
1094 4272 1219 4320 Romano
1233 4268 1318 4332 igitur
1331 4277 1383 4317 unu

237 4345 547 4413 ooin.,uern.,ne1.,
571 4353 667 4414 cren,
695 4355 783 4403 codex
833 4349 1036 4404 dimittebantur
1056 4355 1105 4404 aut
1129 4350 1382 4425 tollebanturpaei
