3078 4912
269 367 320 444 10
638 363 1049 445 PROLEGOMENA.
1159 487 1163 494 Ι

57 635 61 644 Ι
137 619 143 625 ,
263 551 384 614 hiemis
405 550 591 635 Tomitanae
623 548 881 632 descriptionem
897 549 1193 635 periculorumque,
1227 551 1341 633 quibus
1371 554 1417 617 illi

268 668 392 722 tractus
412 681 470 742 per
492 660 630 722 hiemem
650 659 715 722 sint
736 659 885 743 expositi,
909 660 1058 728 continet
1110 661 1179 722 Iam
1201 677 1274 734 curn
1295 662 1414 746 exiis,

270 785 353 849 quae
374 773 472 850 supra
494 767 687 850 dictasunt,
709 766 871 848 probabile
886 767 941 851 sit,
963 787 1027 828 non
1042 768 1125 851 ipsa,
1150 765 1415 850 qualtomapro-

269 874 376 938 fectus
397 877 452 959 sit,
474 875 591 957 hieme,
614 873 675 936 sed
695 893 774 936 vere
797 873 922 936 demum
943 874 984 938 ed
1003 875 1171 958 Scythiam
1193 893 1267 936 eum
1288 873 1415 938 adven-

268 989 379 1066 tasse,
411 1002 475 1046 non
503 988 579 1043 ante
609 981 747 1044 hiemem
769 1001 798 1044 a.
819 983 858 1045 U.
880 981 917 1044 C.
948 981 1154 1046 DGCLXIII.
1187 979 1318 1045 carmen
1338 982 1414 1045 illud

267 1089 479 1170 compositum
507 1107 585 1150 esse
613 1097 757 1169 apparet.
813 1088 864 1150 De
891 1089 997 1151 hieme
1027 1109 1058 1152 a.
1075 1089 1292 1152 occulius
1315 1091 1411 1153 etiem

267 1195 804 1278 intelligendaillalil,12,1.2.
1303 1191 1307 1197 ’
1378 1195 1380 1198 ’
1515 1189 1516 1196 '

332 1347 450 1412 Frigora
465 1343 518 1394 iam
535 1343 657 1408 zephyri
672 1344 809 1410 minuunt,
827 1355 984 1408 annoque
999 1349 1147 1409 peracto

364 1431 487 1494 Longior
502 1422 618 1495 antiquis
635 1427 695 1495 visa
711 1430 830 1480 Maeotis
846 1427 931 1480 niens
946 1448 979 1464 -
1025 1431 1027 1436 '

267 1577 340 1623 oum
361 1559 402 1622 de
422 1561 528 1624 hieme
549 1581 577 1624 a.
599 1559 808 1643 DCCLXII.,
837 1568 874 1622 ut
902 1580 996 1643 quam
1023 1581 1087 1624 non
1110 1561 1245 1644 degerat
1266 1561 1306 1624 in*
1319 1562 1408 1645 Scy·
1515 1537 1516 1618 i

219 1665 224 1682 '
265 1667 349 1751 thia,
378 1669 434 1729 illa
459 1671 584 1746 lonqior
612 1673 754 1750 antiquis
775 1673 845 1730 visu
871 1667 979 1730 dicere
1007 1689 1071 1730 non
1092 1670 1259 1750 potuisset.
1302 1672 1409 1753 Atque

265 1775 380 1838 eadem
403 1774 444 1837 de
466 1796 584 1840 caussa
606 1776 728 1838 adver
750 1796 779 1838 a.
801 1773 1009 1840 DCCIrXIV.
1023 1775 1241 1838 referendum
1263 1786 1315 1839 est
1335 1797 1411 1840 oar-

265 1901 339 1946 men
362 1881 518 1946 decimum
539 1885 666 1945 tertium
687 1883 719 1944 in
740 1869 879 1946 natalem
900 1903 1015 1967 suurn,
1049 1885 1078 1946 si
1107 1883 1234 1966 quidem
1261 1887 1359 1948 natali
1380 1907 1409 1949 a.

264 1988 471 2055 occnxffl.
499 1990 637 2053 nondum
658 1991 691 2052 in
712 1991 858 2073 Sythiam
880 1990 1065 2060 advenerat.
1123 1991 1205 2054 Cum
1237 2011 1330 2074 porro
1352 1995 1409 2056 toti

185 2149 191 2158 .
263 2099 341 2161 libro
364 2101 439 2187 nihil
459 2100 546 2182 insit,
570 2097 652 2180 quod
675 2096 717 2159 ad
738 2101 858 2162 seriora
887 2110 1044 2181 tempora,⁴
1062 2099 1237 2182 referatur,
1271 2108 1304 2162 et
1331 2103 1440 2164 libcr'.

181 2207 184 2212 ’
264 2218 417 2291 quartus,
440 2216 476 2269 ut
497 2207 605 2269 statim
626 2206 801 2268 luculenter
823 2201 1111 2290 demonstrabitur,
1127 2204 1184 2294 ‘in'
1196 2209 1298 2269 altera
1318 2217 1409 2290 parte

263 2315 398 2378 secundi
420 2314 523 2377 exsilii
544 2314 617 2375 anni
640 2320 673 2374 et
694 2313 781 2374 initio
802 2313 876 2375 anni
897 2313 981 2374 tertii
1002 2315 1198 2402 compositus
1220 2315 1274 2397 sit,
1297 2316 1408 2404 librum

262 2425 389 2486 tertium
418 2429 553 2502 apparet
579 2421 642 2482 iam
675 2430 790 2483 octavo
821 2420 943 2484 decimo
976 2429 1050 2502 post
1078 2429 1194 2501 poetae
1226 2420 1406 2484 discessum

263 2531 303 2591 ab
324 2531 412 2592 Urbe
435 2515 564 2611 mense,
594 2547 674 2589 vere
695 2548 725 2590 a.
747 2529 785 2592 U.
808 2528 846 2590 C.
868 2526 1093 2611 DCCIleV.,
1122 2535 1239 2609 poetae
1261 2547 1289 2590 a.
1311 2529 1407 2614 llll,

263 2655 339 2697 esse
362 2635 549 2712 absolutum.
590 2636 678 2696 Ante
698 2634 774 2698 illud
786 2644 893 2697 autern
910 2643 1048 2718 tempus,
1072 2635 1167 2717 igitur
1185 2635 1285 2716 primo
1300 2637 1409 2698 statim

196 2781 201 2794 ,
264 2761 369 2824 anuo,
394 2759 455 2823 quo
478 2724 659 2803 exsulatum
680 2743 756 2803 obiit
765 2785 778 2826 ,
812 2743 989 2824 composuit
1004 2743 1120 2804 librum
1142 2739 1333 2822 secundum,
1365 2742 1417 2804 ad·

243 2829 456 2932 Augustum.
501 2847 583 2911 Cum
605 2868 666 2932 quo
689 2857 831 2929 tempore
852 2849 946 2931 plane
968 2851 1114 2932 congruit
1132 2853 1173 2933 ll,
1199 2844 1407 2932 170-1'77,

263 2958 315 3039 qui
336 2958 427 3018 locus
441 2953 482 3017 od
496 2956 611 3019 bellum
627 2949 852 3026 Germanicum
869 2942 1069 3038 referendus,
1093 2955 1176 3039 quod
1197 2965 1272 3038 post
1289 2956 1410 3020 Varia·

261 3084 335 3127 uam
356 3065 389 3127 in
409 3060 586 3126 'Germania
607 3063 732 3144 cladem
760 3084 789 3126 a.
812 3061 999 3127 DCGLXII.
1030 3065 1150 3126 factam
1180 3063 1319 3144 (Vellei.
1340 3064 1409 3126 Pa-

261 3181 339 3236 tere.
361 3174 400 3234 11.
423 3191 450 3234 o.
475 3171 535 3236 117
554 3207 598 3220 -
619 3169 700 3248 119„
725 3171 856 3234 Sueton.
878 3172 945 3234 Tib.
968 3191 995 3234 c.
1019 3170 1092 3252 16.)
1118 3172 1281 3260 „Tiberius
1304 3170 1408 3235 admi-

260 3277 457 3342 nistrandum
480 3279 643 3362 suscepit,
674 3287 706 3340 et
733 3297 799 3360 quo,
816 3277 959 3359 gerendo
982 3288 1047 3340 turn
1069 3279 1207 3341 maxime
1229 3286 1407 3361 occupatus

261 3404 282 3447 a
301 3392 399 3466 poeta
419 3385 471 3445 illo
492 3386 565 3448 loco
586 3385 708 3448 dicitur.
750 3383 823 3448 vid.
845 3387 887 3468 II,
909 3386 981 3448 299.
1004 3387 1109 3468 ibique
1131 3394 1195 3448 not.

340 3515 472 3577 Librum
494 3527 638 3598 quartum
660 3516 875 3597 conscriptum
897 3535 974 3580 osse
997 3516 1131 3580 diximus
1152 3517 1320 3600 partimin
1341 3517 1406 3578 fine
1439 3567 1444 3574 f

261 3624 336 3686 anni
356 3623 508 3707 secundi,
533 3626 646 3705 partim
667 3626 699 3686 iu
720 3625 833 3706 tertio,
856 3622 941 3704 quod
962 3643 1023 3705 quo
1044 3625 1111 3700 iure
1133 3624 1318 3708 dixerimus,
1341 3625 1405 3686 iam
1515 3605 1516 3630 ¹

259 3730 437 3796 videamus.
479 3732 516 3792 Ir.
536 3732 597 3814 IV,
619 3729 651 3831 7,
677 3731 703 3814 1.
725 3730 756 3792 2.
917 3765 924 3784 κ
956 3788 960 3798 ,

344 3896 349 3904 ·
392 3879 437 3930 Bis
454 3891 497 3928 me
513 3881 558 3930 sol
574 3881 640 3930 adiit
655 3882 763 3945 gelidae
781 3884 844 3942 post
860 3882 969 3947 frigora
986 3884 1108 3947 brumae,

378 3967 381 3971 '
424 3962 522 4025 Bisque
539 3969 619 4013 suum·
634 3967 709 4014 tacto
726 3965 805 4013 Pisce
820 3965 929 4027 peregit
945 3964 1006 4014 iter.

183 4119 187 4128 ·
258 4091 342 4157 Cum
363 4095 411 4155 sol
433 4114 451 4156 e
472 4104 618 4157 veterum
641 4093 772 4156 calculis
794 4101 828 4154 et
848 4101 975 4175 tempus
994 4095 1209 4178 constituendi
1232 4097 1326 4158 modo
1345 4115 1408 4157 no-

134 4198 138 4207 ‘
220 4183 231 4288 f
258 4219 334 4262 vum
349 4219 476 4264 cursum
489 4203 656 4288 inciperet,
669 4207 840 4284 postquam
852 4201 961 4266 relicto
973 4201 1071 4267 Pisce
1081 4203 1225 4267 Arietem
1238 4203 1405 4286 subiisset,

258 4307 459 4391 aequinoctio
481 4301 578 4378 veris
591 4306 698 4387 OEast.
721 4311 748 4391 1,
769 4308 819 4372 39.
