3078 4912
220 349 291 398 xlv
521 366 546 380 s·
640 323 956 400 PRAEFATIO.

220 526 297 600 reg.
333 503 459 577 Berol.
480 603 482 613 Ι
503 501 590 580 bibl.
621 487 746 584 Diezii
779 505 851 582 Ms.
890 506 925 578 4.
967 503 1049 579 148.
1090 507 1133 595 θ)
1172 512 1280 577 ensal
1317 502 1364 578 ab

219 629 433 704 Hieronimo
447 623 638 718 Stettlero,
664 629 825 704 Bernale
849 655 885 718 a.¹
906 627 1004 714 1⁷18
1016 629 1212 702 Burmanni
1234 635 1366 724 rogatu

220 752 320 840 facia
344 758 382 824 at
411 752 469 826 sio
493 754 686 851 inscripta:
728 755 1012 828 Vetustissimos
1035 751 1157 826 codem
1180 752 1366 826 membra·

218 895 358 951 nucem
397 873 583 949 Trinium
599 973 601 980 y
620 875 765 966 Ovidii,
809 879 972 951 collatus
990 899 1086 968 ¹eursu
1119 875 1281 960 editione
1314 875 1364 948 Ρ.
1398 903 1401 906 ·

220 1001 440 1076 Burmanni
470 1006 510 1072 et
532 999 596 1072 ubi
620 998 799 1074 dissentit
821 1021 965 1073 summa
992 983 1079 1073 'eum
1100 998 1176 1099 fide
1201 1007 1364 1072 annota-

221 1135 310 1206 tum.
362 1123 481 1197 Huius
504 1124 694 1195 variantes
717 1124 958 1196 aBurmanno
972 1126 1154 1198 rarissime
1178 1125 1365 1221 inspectas

183 1277 189 1286 ·
220 1256 259 1322 et
290 1242 459 1322 laudatas
494 1267 566 1341 ego
600 1267 649 1318 ex
683 1247 774 1344 ipsis
806 1244 954 1321 schedis
989 1227 1260 1321 accuratissime
1293 1268 1363 1320 ex-

219 1373 353 1469 cerpsi.
409 1369 485 1444 Hic
511 1367 594 1443 cod.
626 1365 677 1459 V,
714 1369 775 1460 12,
812 1369 870 1444 40.
899 1370 1044 1445 desinit.
1101 1369 1172 1461 1⁷)
1197 1369 1363 1441 Bononi-
1443 1385 1445 1390 '

69 1483 73 1494 ’
218 1497 352 1568 nensis.
410 1492 486 1585 ¹18)
532 1491 1020 1596 Bouhorniisfragmentum
1083 1518 1167 1568 raro
1206 1495 1362 1566 citatum.

66 1697 72 1714 ,
141 1715 145 1722 ι
219 1616 417 1709 19-20)
442 1615 680 1690 Buslidianus
712 1625 749 1690 et
776 1613 920 1692 Combii
945 1621 1034 1693 sive
1055 1615 1289 1707 Combianus‚
1316 1617 1363 1690 de

219 1743 349 1841 quibus
373 1739 471 1812 inira
497 1739 649 1848 dicebrr.
688 1739 758 1832 21]
785 1740 941 1816 Douzac
963 1742 1103 1834 codex,
1131 1744 1192 1839 qui
1215 1763 1300 1814 raro
1325 1744 1363 1814 in

185 1851 191 1862 ¹
219 1873 344 1966 partes
369 1849 535 1940 vocatur.
567 1868 646 1962 22)
670 1864 912 1957 Erfurtensis,
939 1869 999 1963 qui
1013 1865 1159 1939 elidem
1184 1865 1231 1937 ab
1243 1865 1363 1937 Hein-

218 1993 275 2063 sio
304 1990 505 2084 rarissime,
542 2011 612 2063 nec
637 1988 717 2063 iere
750 1993 820 2066 nisi
852 2013 873 2066 e
899 1988 1144 2086 Zinzerlingii
1171 1989 1362 2062 Disserta-

220 2113 379 2188 tionibus
398 2111 589 2189 laudatur.
645 2113 720 2188 Hic
755 2112 851 2187 idem
887 2121 953 2202 est¹
976 2137 1055 2188 cum
1090 2111 1281 2202 Gothano,
1316 2111 1364 2186 de

174 2267 179 2276 ·
219 2261 292 2335 qno
316 2222 413 2309 inira
436 2235 588 2332 dicetur.
626 2235 696 2329 23)
717 2237 1052 2327 Francoiurtcnsis,
1079 2236 1165 2311 olim
1179 2235 1363 2310 ecclesiae
1477 2242 1483 2247 ’

217 2359 260 2438 S.
287 2359 578 2453 Bartholomaei,
614 2361 726 2466 bodio
739 2355 743 2362 ’
757 2360 1003 2438 bibliothecae
1027 2360 1216 2461 publicae,
1252 2383 1363 2434 mem-

218 2465 433 2574 branaceus,
460 2485 604 2565 saeculi
626 2493 672 2558 ut·
690 2485 850 2578 videtur,
879 2486 1010 2561 decimi
1023 2489 1132 2560 tertii.
1171 2485 1241 2577 24)
1269 2482 1363 2592 Gal·

217 2607 324 2704 licus.
353 2701 354 2706 Ἰ
386 2606 616 2684 Gallicorum
646 2610 790 2682 nomine
823 2610 950 2709 plures
982 2607 1126 2708 quidem
1157 2608 1363 2699 laudantur,

219 2738 258 2806 et
283 2738 367 2804 sunt
383 2735 500 2805 etiam
524 2732 650 2832 plures
675 2731 795 2806 iubis
820 2732 965 2807 Heinsii
997 2733 1186 2833 codicibus
1212 2731 1363 2824 Gallici,
1428 2817 1435 2836 ι

214 2854 288 2932 sed
314 2878 406 2953 quae
431 2856 477 2930 ab
500 2856 656 2932 Heinsio
682 2863 722 2929 et
743 2857 950 2932 Burmanno
975 2858 1042 2933 sub
1067 2845 1211 2932 nomine
1226 2855 1364 2932 Gallici

220 2981 430 3070 afferuntur,
455 3003 507 3058 ex
531 3004 605 3059 uno
632 2989 669 3055 et
689 2979 818 3055 eodem
839 2971 970 3056 hausta
993 2969 1233 3073 sunt-codice,
1259 2997 1371 3080 quem·

111 3156 113 3160 -
218 3104 395 3182 Heinsius
422 3103 520 3180 dono
547 3112 791 3206 acceperat-a
816 3094 971 3180 'l'lruano
996 3110 1151 3198 iuniore,
1177 3085 1266 3198 illo,
1303 3109 1363 3203 qui

119 3297 122 3317 ,
216 3229 362 3326 legatus
379 3226 536 3310 =Galliae
562 3230 659 3332 apud
684 3232 850 3306 Batavos
876 3229 956 3304 fuit.
996 3232 1067 3324 25)
1081 3229 1361 3331 Gottorpianus‚

219 3353 265 3427 ab
289 3352 445 3448 Heinsio
470 3357 777 3455 eucerpbrsssed
802 3380 887 3434 raro
910 3341 1091 3430 laudatus.
1119 3355 1189 3449 26]
1213 3353 1361 3429 Grono-

218 3481 365 3568 vianus‚
405 3501 502 3560 raro
522 3487 560 3558 et
585 3501 607 3556 e
634 3477 1055 3583 Gronovii'plerumque
1079 3479 1362 3557 Observationi-

220 3602 288 3678 bus
314 3598 503 3706 laudatus,
534 3608 598 3702 'qui
631 3628 704 3679 non
730 3605 1011 3682 confundendus
1037 3613 1094 3680 est
1121 3628 1200 3679 cum
1225 3603 1362 3679 Pirck-

219 3713 453 3818 heimoriano,
482 3733 542 3827 qui
568 3739 606 3804 et
629 3734 710 3830 ipse
736 3753 816 3806 cum
830 3756 852 3804 a
866 3727 1072 3822 Gronovio,
1099 3737 1262 3828 utsupra
1285 3751 1363 3802 me-

217 3859 393 3926 moratum
426 3861 501 3944 eut,
537 3854 696 3932 collatus
730 3859 790 3947 sit7
824 3878 1076 3953 nonnunquam
1104 3853 1364 3929 Gronovianun

143 4022 150 4036 ι
220 3976 400 4075 appellari
426 3976 569 4056 dicitur.
596 3981 666 4073 27)
686 3978 912 4054 Hainiensis.
938 3979 1007 4073 28]
1032 3977 1154 4054 codex
1180 3976 1365 4052 ccclesiae

184 4153 186 4157 -
219 4093 441 4176 cathedralis
474 4103 783 4202 Hamburgensis,
821 4107 881 4204 qui
915 4105 962 4182 ab
995 4103 1151 4180 Heinsio
1185 4121 1366 4202 persaepe

218 4226 315 4298 inter
344 4231 630 4328 praenatantiore
656 4235 695 4304 et
718 4232 942 4306 vetustiores
975 4233 1117 4306 citatur.
1158 4225 1229 4316 29]
1262 4225 1362 4300 Mat·
